products,prices_per_unitmeasurement,unit_price,category,subcategory
"Arance Valencia Italia cal. 7 1,5 kg Percorso Qualità Conad","2,65 € / Kg","3,98€",Frutta e verdura,Frutta fresca
Pompelmi Rossi Cal. 4/5 Cat. I,"2,48 € / Kg","1,98€",Frutta e verdura,Frutta fresca
Limone Costa d'Amalfi I.G.P. Primofiore Italia cal. 5 500 g Sapori & Dintorni Conad,"5,56 € / Kg","2,78€",Frutta e verdura,Frutta fresca
"Limoni Verdello Italia 0,500 kg Verso Natura Conad","3,96 € / Kg","1,98€",Frutta e verdura,Frutta fresca
Percorso Qualità Limoni Italia Cal. 4 Cat. I Rete 500g CONAD,"3,96 € / Kg","1,98€",Frutta e verdura,Frutta fresca
Mele Golden Delicious Italia cal. 70/75 1500 g Percorso Qualità Conad,"1,85 € / Kg","2,78€",Frutta e verdura,Frutta fresca
Mele Red Delicious Italia cal. 70/75 1500 g Percorso Qualità Conad,"1,85 € / Kg","2,78€",Frutta e verdura,Frutta fresca
Percorso Qualità Mele Golden Delicious A. Adige Igp Cal. 85/90 Cat. I SAPORI E DINTORNI,"2,58 € / Kg","1,80€",Frutta e verdura,Frutta fresca
Mele Evelina Melinda Origine italia Cal. 75/80 Cat. I Vassoio da 750g MELINDA,"2,64 € / Kg","1,98€",Frutta e verdura,Frutta fresca
Mele Pink Lady Italia Cal. 75/80 Cat. I Vassoio 800g PINK LADY,"3,72 € / Kg","2,98€",Frutta e verdura,Frutta fresca
BIO Banane Cal. 14/21 Cat. I Vassoio 620g VERSO NATURA CONAD REP.DOMINICANA,"0,00 €/Kg","2,98€",Frutta e verdura,Frutta fresca
Percorso Qualità Banane Cat. I CONAD,"1,98 € / Kg","1,98€",Frutta e verdura,Frutta fresca
Pesche a Polpa Gialla Italia cal. B 1 kg Percorso Qualità Conad,3.8 € / Kg,"3,49€",Frutta e verdura,Frutta fresca
"CONAD Percorso Qualità Ciliegie Durone Anella Italia cal. 24/26 0,500 kg",10.8 € / Kg,"4,99€",Frutta e verdura,Frutta fresca
CONAD Percorso Qualità Ciliegie Durone Ferrovia Italia Cal. 22-24 1000 g,"9,90 € / Kg","7,90€",Frutta e verdura,Frutta fresca
Fragole Italia cal. 22mm  500 g Percorso Qualità Conad,7.5 € / Kg,"3,49€",Frutta e verdura,Frutta fresca
Angurie Italia Cat. I,1.5 € / Kg,"18,06€",Frutta e verdura,Frutta fresca
Angurie Mini Italia Cat. I,"1,79 € / Kg","1,79€",Frutta e verdura,Frutta fresca
Melone Sapori & Idee Conad,3.6 € / Kg,"4,03€",Frutta e verdura,Frutta fresca
Melone Retato Italia Cat. I,"2,68 € / Kg","2,68€",Frutta e verdura,Frutta fresca
"Kiwi Green Light Italia cal. 85/100g 0,500 kg Verso Natura Conad","6,96 € / Kg","3,48€",Frutta e verdura,Frutta fresca
Kiwi Hayward Italia cal. 85/100 1000 g Percorso Qualità Conad,"3,68 € / Kg","3,68€",Frutta e verdura,Frutta fresca
Percorso Qualità Kiwi Hayward Italia Cal. 27 Cat. I CONAD,"3,98 € / Kg","1,99€",Frutta e verdura,Frutta fresca
Lime Cat. I Vassoio 300g SAPORI E IDEE,9.9 € / Kg,"1,99€",Frutta e verdura,Frutta fresca
Lime Cat. I Vassoio 300g SAPORI E IDEE BRASILE,14.8 € / Kg,"1,99€",Frutta e verdura,Frutta fresca
Avocado Hass Cat. I SAPORI E IDEE CILE,"0,01 € / Kg","2,98€",Frutta e verdura,Frutta fresca
Avocado Hass S&I Cat. I Vassoio 200g SAPORI E IDEE,"24,90 € / Kg","4,98€",Frutta e verdura,Frutta fresca
Mirtilli Cat. I Vaschetta 125g CONAD SPAGNA,"23,84 € / Kg","2,98€",Frutta e verdura,Frutta fresca
Mirtilli Cile 152 g Conad,"19,84 € / Kg","2,48€",Frutta e verdura,Frutta fresca
Passion Fruit Cat. I Vassoio 200g SAPORI E IDEE,"14,90 € / Kg","2,98€",Frutta e verdura,Frutta fresca
SAPORI & IDEE CONAD Percorso Qualità Ananas Extra Dolce Costa Rica,"2,49 € / Kg","2,49€",Frutta e verdura,Frutta fresca
Lamponi Marocco 125 g Conad,"0,02 € / Kg","2,98€",Frutta e verdura,Frutta fresca
Ananas a Fette 250 g Conad,15.9 € / Kg,"3,49€",Frutta e verdura,Frutta fresca
LIM. I 3 ITA S&D IGP.AMALFI,4.5 € / Kg,"2,44€",Frutta e verdura,Frutta fresca
MELE COSMIC CRISP 80-85 ITA vs.900g,"3,31 € / Kg","2,98€",Frutta e verdura,Frutta fresca
PINOVA I 85-90 ITA cpq pd,"2,48 € / Kg","2,48€",Frutta e verdura,Frutta fresca
COSCIA I 45/50 CHL cs.500g,"5,96 € / Kg","2,98€",Frutta e verdura,Frutta fresca
BANANE I 14  PER 620g BIOLOGICO VNB,"4,81 € / Kg","2,98€",Frutta e verdura,Frutta fresca
PESCA B. I ITA 500g cal.B(saturnia),"7,96 € / Kg","3,49€",Frutta e verdura,Frutta fresca
P.NOCE BIANCA B ESP 500g(SATURNIA),"9,96 € / Kg","4,98€",Frutta e verdura,Frutta fresca
PESCA GIALLA I  B ESP cs.1kg,"4,48 € / Kg","4,48€",Frutta e verdura,Frutta fresca
PESCA GIALLA I  B ESP cs.750g,"9,96 € / Kg","4,98€",Frutta e verdura,Frutta fresca
MIRTILLI MAR 300g (SECCHIELLO),"16,60 € / Kg","4,98€",Frutta e verdura,Frutta fresca
KIWI GOLD I 125-135 NZL 500g ZESPRI,"9,96 € / Kg","4,98€",Frutta e verdura,Frutta fresca
SUCCO DI MELA MELAVI  bott. 1lt.,"2,69 € / L","2,69€",Frutta e verdura,Frutta fresca
Arachidi 250 g Conad,"9,96 € / Kg","2,49€",Frutta e verdura,Frutta secca
Arachidi 500 g Conad,"7,78 € / Kg","3,89€",Frutta e verdura,Frutta secca
Noci con Guscio Biologiche origine non UE 250 g Verso Natura Bio Conad,"13,60 € / Kg","3,40€",Frutta e verdura,Frutta secca
Noci di Sorrento 350 g Sapori & Dintorni Conad,"14,00 € / Kg","4,90€",Frutta e verdura,Frutta secca
Noci Jumbo California 500 g Conad,"7,18 € / Kg","3,59€",Frutta e verdura,Frutta secca
Noci Jumbo Cile 500 g Conad,"7,18 € / Kg","3,59€",Frutta e verdura,Frutta secca
Pistacchi 200 g Conad,"25,75 € / Kg","5,15€",Frutta e verdura,Frutta secca
Pistacchi Biologici 150 g Verso Natura Conad,"36,60 € / Kg","5,49€",Frutta e verdura,Frutta secca
Pistacchi Tostati e Salati 150 g Conad,"29,67 € / Kg","4,45€",Frutta e verdura,Frutta secca
Cameo Snack Friends Pistacchi 120 g,"33,25 € / Kg","3,99€",Frutta e verdura,Frutta secca
"Noberasco € 0,99 Pistacchio Tostato Salato 40 g","24,75 € / Kg","0,99€",Frutta e verdura,Frutta secca
Noberasco che arachide! Arachidi Tostate in Guscio 300 g,"12,17 € / Kg","3,65€",Frutta e verdura,Frutta secca
Noberasco che noce! 500 g,"11,40 € / Kg","5,70€",Frutta e verdura,Frutta secca
Ventura Big Blond Arachidi 250 g,"15,16 € / Kg","3,79€",Frutta e verdura,Frutta secca
Ventura Misto in Guscio 350 g,"11,37 € / Kg","3,98€",Frutta e verdura,Frutta secca
Albicocche senza nocciolo essiccate g150 Verso Natura Bio Conad,"19,67 € / Kg","2,95€",Frutta e verdura,Frutta secca
Prugne con Nocciolo Extra Large 250 g Conad,"11,96 € / Kg","2,99€",Frutta e verdura,Frutta secca
Prugne con Nocciolo Extra Large 500 g Conad,"12,50 € / Kg","6,25€",Frutta e verdura,Frutta secca
Prugne Denocciolate 250 g Conad,"13,00 € / Kg","3,25€",Frutta e verdura,Frutta secca
Prugne Denocciolate 500 g Conad,"14,50 € / Kg","7,25€",Frutta e verdura,Frutta secca
Uva Sultanina 250 g Conad,"6,20 € / Kg","1,55€",Frutta e verdura,Frutta secca
Uva Sultanina g 200 Verso Natura Bio Conad,"9,95 € / Kg","1,99€",Frutta e verdura,Frutta secca
Noberasco Frutta Selezionata Zenzero 250 g,14.2 € / Kg,"2,48€",Frutta e verdura,Frutta secca
Econoce Zenzero Candito a Cubetti Biologico 100 g,"27,90 € / Kg","2,79€",Frutta e verdura,Frutta secca
Melinda Melamangio 100% Mela Essiccata Rondelle 20 g,"57,50 € / Kg","1,15€",Frutta e verdura,Frutta secca
"Noberasco € 0,99 Banana Chips 100 g","9,90 € / Kg","0,99€",Frutta e verdura,Frutta secca
"Noberasco € 0,99 Goji Berry 30 g","33,00 € / Kg","0,99€",Frutta e verdura,Frutta secca
"Noberasco € 0,99 Mirtilli Rossi 50 g","19,80 € / Kg","0,99€",Frutta e verdura,Frutta secca
"Noberasco € 0,99 Misto Tropicale 80 g","12,38 € / Kg","0,99€",Frutta e verdura,Frutta secca
"Noberasco € 0,99 Uva Sultanina 150 g","6,60 € / Kg","0,99€",Frutta e verdura,Frutta secca
"Noberasco € 0,99 Zenzero 70 g","14,14 € / Kg","0,99€",Frutta e verdura,Frutta secca
Noberasco Bio CrokkaMela Spicchi di Mele 20 g,"80,00 € / Kg","1,60€",Frutta e verdura,Frutta secca
Noberasco Cocco Bello! 100 g,"27,00 € / Kg","2,70€",Frutta e verdura,Frutta secca
Noberasco Viva i Datteri con Nocciolo 200 g,"24,95 € / Kg","4,99€",Frutta e verdura,Frutta secca
Noberasco Viva il Fico 200 g,"14,95 € / Kg","2,99€",Frutta e verdura,Frutta secca
Noberasco Viva l'Albicocca Denocciolate 200 g,"24,75 € / Kg","4,95€",Frutta e verdura,Frutta secca
Noberasco Viva la Macedonia 200 g,"16,95 € / Kg","3,39€",Frutta e verdura,Frutta secca
Noberasco Viva la Prugna Denocciolate 400 g,"22,12 € / Kg","8,85€",Frutta e verdura,Frutta secca
Semplicemente Frutta Ananas Essiccato 25 g,"39,60 € / Kg","0,99€",Frutta e verdura,Frutta secca
Sunsweet Ones Una ad Una Prugne California Denocciolate 200 g,"24,95 € / Kg","4,99€",Frutta e verdura,Frutta secca
Sunsweet Prugne California premium denocciolate 250 g,"27,16 € / Kg","6,79€",Frutta e verdura,Frutta secca
Sunsweet Prugne California premium denocciolate 500 g,"18,98 € / Kg","9,49€",Frutta e verdura,Frutta secca
Ventura I nostri Datteri di Tunisi Deglet Nour 250 g,"7,92 € / Kg","1,98€",Frutta e verdura,Frutta secca
Ventura I nostri Fichi Pulled 250 g,"17,92 € / Kg","4,48€",Frutta e verdura,Frutta secca
Ventura Le Nostre Dolci Bontà Mirtilli 100 g,"39,80 € / Kg","3,98€",Frutta e verdura,Frutta secca
Anacardi Biologici 30 g Verso Natura Bio Conad,"33,00 € / Kg","0,99€",Frutta e verdura,Frutta secca
Anacardi Tostati e Salati 200 g Conad,"26,00 € / Kg","5,20€",Frutta e verdura,Frutta secca
Arachidi Jumbo Tostate e Salate 200 g Conad,"9,95 € / Kg","1,99€",Frutta e verdura,Frutta secca
Arachidi Ricoperte Gusto Paprika 150 g Conad,"13,27 € / Kg","1,99€",Frutta e verdura,Frutta secca
Arachidi Tostate e Salate 300 g Conad,"7,17 € / Kg","2,15€",Frutta e verdura,Frutta secca
"Cranberries, Prugne, Mandorle e Nocciole 40 g Conad","24,75 € / Kg","0,99€",Frutta e verdura,Frutta secca
Mandorle di Puglia Sgusciate 80 g Sapori & Dintorni Conad,"34,88 € / Kg","2,79€",Frutta e verdura,Frutta secca
Mandorle Pelate 100 g Conad,"20,50 € / Kg","2,05€",Frutta e verdura,Frutta secca
Mandorle Pelate 70g Verso Natura Bio Conad,"30,71 € / Kg","2,15€",Frutta e verdura,Frutta secca
Mandorle Sgusciate 100 g Conad,"19,80 € / Kg","1,98€",Frutta e verdura,Frutta secca
Mandorle Sgusciate 250 g Conad,"15,96 € / Kg","3,99€",Frutta e verdura,Frutta secca
Mandorle Sgusciate 400 g Conad,"14,98 € / Kg","5,99€",Frutta e verdura,Frutta secca
Mandorle Sgusciate 70g Verso Natura Bio Conad,"28,43 € / Kg","1,99€",Frutta e verdura,Frutta secca
Mandorle Tostate e Salate 150 g Conad,"26,33 € / Kg","3,95€",Frutta e verdura,Frutta secca
"Mandorle, Anacardi, Ananas e Cranberries 40 g Conad","24,75 € / Kg","0,99€",Frutta e verdura,Frutta secca
"Mandorle, Anacardi, Uvetta e Zenzero 40 g Conad","24,75 € / Kg","0,99€",Frutta e verdura,Frutta secca
"Mix Arachidi, Anacardi, Mandorle e Nocciole Tostato e Salato 300 g Conad","15,97 € / Kg","4,79€",Frutta e verdura,Frutta secca
"Mix Croccante semi di zucca, semi di girasole, anacardi, noci, mandorle pelate 250 g Conad","15,80 € / Kg","3,95€",Frutta e verdura,Frutta secca
"Mix Croccante semi di zucca, semi di girasole, anacardi, noci, mandorle pelate 400 g Conad","14,75 € / Kg","5,90€",Frutta e verdura,Frutta secca
Mix Dinamico 40 g Verso Natura Bio Conad,"24,75 € / Kg","0,99€",Frutta e verdura,Frutta secca
Mix Dinamico Biologico 150 g Verso Natura Bio Conad,"22,60 € / Kg","3,39€",Frutta e verdura,Frutta secca
"Mix Energia uva sultanina, nocciole, noci, mandorle pelate 250 g Conad","15,80 € / Kg","3,95€",Frutta e verdura,Frutta secca
"Mix Energia uva sultanina, nocciole, noci, mandorle pelate 400 g Conad","14,75 € / Kg","5,90€",Frutta e verdura,Frutta secca
Mix Piccante 175 g Conad,"11,37 € / Kg","1,99€",Frutta e verdura,Frutta secca
"Mix uva sultanina, mandorle, nocciole e noci g 150 Verso Natura Bio Conad","21,27 € / Kg","3,19€",Frutta e verdura,Frutta secca
Nocciola Piemonte IGP Tostata 80 g Sapori & Dintorni Conad,"39,88 € / Kg","3,19€",Frutta e verdura,Frutta secca
Nocciole Sgusciate 250 g Conad,"21,00 € / Kg","5,25€",Frutta e verdura,Frutta secca
Nocciole Tostate e Pelate 250 g Conad,"23,80 € / Kg","5,95€",Frutta e verdura,Frutta secca
"Noci Pecan, Mandorle e Uva di Corinto 40 g Conad","24,75 € / Kg","0,99€",Frutta e verdura,Frutta secca
Noci Sgusciate 70g Verso Natura Bio Conad,"35,57 € / Kg","2,49€",Frutta e verdura,Frutta secca
Noci Sgusciate California 170 g Conad,"20,00 € / Kg","3,40€",Frutta e verdura,Frutta secca
Noci Sgusciate California 250 g Conad,"18,80 € / Kg","4,70€",Frutta e verdura,Frutta secca
Noci Sgusciate Cile 80 g Conad,"26,88 € / Kg","2,15€",Frutta e verdura,Frutta secca
Pinoli 40 g Conad,"13,47 € / Kg","5,39€",Frutta e verdura,Frutta secca
Pinoli Marittimi del tirreno Sgusciati e Pelati 30 g Sapori & Dintorni Conad,"153,00 € / Kg","4,59€",Frutta e verdura,Frutta secca
Pinoli sgusciati g 30 Verso Natura Bio Conad,"138,33 € / Kg","4,15€",Frutta e verdura,Frutta secca
Pistacchi di Sicilia Sgusciati 40 g Sapori e Dintorni Conad,"82,25 € / Kg","3,29€",Frutta e verdura,Frutta secca
"Pistacchi, Cranberries, Noci Brasile e Noci 40 g Conad","24,75 € / Kg","0,99€",Frutta e verdura,Frutta secca
"Semi di Girasole, Mandorle, Goji e Mirtilli 40 g Conad","24,75 € / Kg","0,99€",Frutta e verdura,Frutta secca
Snack di Mais Fritto e Salato 150 g Conad,"5,93 € / Kg","0,89€",Frutta e verdura,Frutta secca
Cameo Snack Friends Arachidi 200 g,"12,45 € / Kg","2,49€",Frutta e verdura,Frutta secca
Cameo Snack Friends Arachidi 3 x 40 g,"12,92 € / Kg","1,55€",Frutta e verdura,Frutta secca
Cameo Snack Friends Arachidi 300 g,"9,17 € / Kg","2,75€",Frutta e verdura,Frutta secca
"Noberasco € 0,99 Arachidi Cotte al Forno 100 g","9,90 € / Kg","0,99€",Frutta e verdura,Frutta secca
"Noberasco € 0,99 Mandorle Pelate 40 g","24,75 € / Kg","0,99€",Frutta e verdura,Frutta secca
"Noberasco € 0,99 Mandorle Sgusciate 50 g","19,80 € / Kg","0,99€",Frutta e verdura,Frutta secca
"Noberasco € 0,99 Misto Piccante 100 g","9,90 € / Kg","0,99€",Frutta e verdura,Frutta secca
"Noberasco € 0,99 Misto Salato 100 g","9,90 € / Kg","0,99€",Frutta e verdura,Frutta secca
"Noberasco € 0,99 Nocciole Pelate Tostate 40 g","24,75 € / Kg","0,99€",Frutta e verdura,Frutta secca
"Noberasco € 0,99 Nocciole Sgusciate 40 g","24,75 € / Kg","0,99€",Frutta e verdura,Frutta secca
"Noberasco € 0,99 Noci Sgusciate 40 g","24,75 € / Kg","0,99€",Frutta e verdura,Frutta secca
"Noberasco € 0,99 Pinoli 10 g","99,00 € / Kg","0,99€",Frutta e verdura,Frutta secca
Noberasco Bio Castagne Già Pelate 35 g,"45,71 € / Kg","1,60€",Frutta e verdura,Frutta secca
Noberasco che Misto! Bio Armonia 130 g,"23,00 € / Kg","2,99€",Frutta e verdura,Frutta secca
Noberasco che Misto! Bio Fitness 130 g,"23,00 € / Kg","2,99€",Frutta e verdura,Frutta secca
Noberasco che Misto! Bio Ritmo 130 g,"23,00 € / Kg","2,99€",Frutta e verdura,Frutta secca
Noberasco che Misto! Bio Wellness 130 g,"23,00 € / Kg","2,99€",Frutta e verdura,Frutta secca
Noberasco che noce! Noci Sgusciate 100 g,"39,90 € / Kg","3,99€",Frutta e verdura,Frutta secca
Noberasco le Caldarroste Express 90 g,"38,67 € / Kg","3,48€",Frutta e verdura,Frutta secca
Noberasco Mandorle Sgusciate 350 g,"15,14 € / Kg","5,30€",Frutta e verdura,Frutta secca
Noberasco Noci Sgusciate 175 g,"22,80 € / Kg","3,99€",Frutta e verdura,Frutta secca
Noberasco Pinoli dal mondo 60 g,"124,83 € / Kg","7,49€",Frutta e verdura,Frutta secca
Noberasco Viva la Castagna 100 g,"45,50 € / Kg","4,55€",Frutta e verdura,Frutta secca
Semplicemente Frutta Power Mix 30 g,"33,00 € / Kg","0,99€",Frutta e verdura,Frutta secca
Ventura BBMix Bellezza 150 g,"23,93 € / Kg","3,59€",Frutta e verdura,Frutta secca
Ventura BBMix Benessere 150 g,"23,93 € / Kg","3,59€",Frutta e verdura,Frutta secca
Ventura BBMix Fibra 150 g,"23,93 € / Kg","3,59€",Frutta e verdura,Frutta secca
Ventura BBMix Focus 150 g,"23,93 € / Kg","3,59€",Frutta e verdura,Frutta secca
"Ventura BBMix Proteico Mix di Arachidi, Semi di Zucca, Mandorle, Mirtilli 150 g","23,93 € / Kg","3,59€",Frutta e verdura,Frutta secca
Ventura BBMix Sprint 150 g,"23,93 € / Kg","3,59€",Frutta e verdura,Frutta secca
Ventura BBPlus Bio Difesa Anacardio  100 g,"28,90 € / Kg","2,89€",Frutta e verdura,Frutta secca
Ventura BBPlus Bio Difesa Mandorla  100 g,"28,90 € / Kg","2,89€",Frutta e verdura,Frutta secca
Ventura BBPlus Bio Difesa Nocciola  100 g,"28,90 € / Kg","2,89€",Frutta e verdura,Frutta secca
NOCI USA (CALIFORNIA) I  32  (10kg),"8,90 € / Kg","8,90€",Frutta e verdura,Frutta secca
SUGO D'UVA NERA 150g,"6,53 € / Kg","0,98€",Frutta e verdura,Frutta secca
FARINA COCCO BIO S/G SARCHIO 350g,"7,97 € / Kg","2,79€",Frutta e verdura,Frutta secca
PISTACCHI 18/20 USA VASCHETTA,"29,90 € / Kg","2,99€",Frutta e verdura,Frutta secca
CONAD Percorso Qualità Aglio Bianco Secco Italia cal. 45/60 125 g,9.4 € / Kg,"0,99€",Frutta e verdura,Verdura fresca
Aglio Rosso Secco Percorso Qualità Percorso Qualità Conad,"7,25 € / Kg","1,45€",Frutta e verdura,Verdura fresca
Aromi Misti per Brodo Italia Vassoio 300g,"6,60 € / Kg","1,98€",Frutta e verdura,Verdura fresca
"Carote Italia cal. 20/45 0,750 kg Percorso Qualità Conad","2,25 € / Kg","1,69€",Frutta e verdura,Verdura fresca
"Carote Italia cal. min 10 mm 0,500 kg Verso Natura Conad","5,36 € / Kg","2,68€",Frutta e verdura,Verdura fresca
Carotine Italia Cat. I Vassoio 250g,"3,96 € / Kg","0,99€",Frutta e verdura,Verdura fresca
CONAD Percorso Qualità Scalogno Francia Cal. 30/45mm 250 g,"5,96 € / Kg","1,49€",Frutta e verdura,Verdura fresca
Bietola Da Costa Italia Cat. I,"1,98 € / Kg","1,98€",Frutta e verdura,Verdura fresca
Percorso Qualità Finocchi Italia Cat. I CONAD,3.0 € / Kg,"1,04€",Frutta e verdura,Verdura fresca
Finocchi Italia cal. 80-100 650g Percorso Qualità Conad,"4,58 € / Kg","2,98€",Frutta e verdura,Verdura fresca
Funghi Champignon Affettati Conad,"9,93 € / Kg","2,98€",Frutta e verdura,Verdura fresca
Funghi Champignon Bianco Italia 500 g Percorso Qualità Conad,"4,38 € / Kg","2,19€",Frutta e verdura,Verdura fresca
Indivia Belga Cat. I Vassoio da 500g,"3,96 € / Kg","1,98€",Frutta e verdura,Verdura fresca
Lattuga Iceberg Italia 400 g Percorso Qualità Conad,"4,95 € / Kg","1,98€",Frutta e verdura,Verdura fresca
Percorso Qualità Lattuga Iceberg Cal. 200 Cat. I Flowpack 400g CONAD GERMANIA,"4,95 € / Kg","1,98€",Frutta e verdura,Verdura fresca
Lattuga Gentile Italia Cal. 250 Cat. I,"2,48 € / Kg","2,48€",Frutta e verdura,Verdura fresca
Lattuga Trocadero Italia Cal. 300 Cat. I,"1,98 € / Kg","1,58€",Frutta e verdura,Verdura fresca
"Patate Colomba Italia cal. 45/75 2,0 kg Percorso Qualità Conad","1,84 € / Kg","3,68€",Frutta e verdura,Verdura fresca
"Patate Novelle Italia cal. 45/75 1,5 kg Percorso Qualità Conad","2,45 € / Kg","3,68€",Frutta e verdura,Verdura fresca
"Patate Rosse Labella Italia cal. 45/75 1,5kg Percorso Qualità Conad","2,45 € / Kg","3,68€",Frutta e verdura,Verdura fresca
Patate Italia Cat. I,"1,98 € / Kg","1,38€",Frutta e verdura,Verdura fresca
Peperoni Gialli Italia Cal. 80/110 Cat. I,"3,98 € / Kg","2,38€",Frutta e verdura,Verdura fresca
Peperoni Rossi Italia Cal. 80/110 Cat. I,"3,98 € / Kg","2,38€",Frutta e verdura,Verdura fresca
Pomodoro Ciliegia a Grappolo Italia 500 g Percorso Qualità Conad,4.9 € / Kg,"1,79€",Frutta e verdura,Verdura fresca
Pomodoro Cocktail Mini Oblungo Italia Cal. 25-35 mm 500 g Percorso Qualità Conad,"5,36 € / Kg","2,68€",Frutta e verdura,Verdura fresca
Pomodoro il camone 300 g Sapori & Dintorni Conad,"7,60 € / Kg","2,28€",Frutta e verdura,Verdura fresca
Pomodoro Oblungo Verde Italia Cal. 47/57 Cat. I,3.0 € / Kg,"0,99€",Frutta e verdura,Verdura fresca
Pomodoro Cuore di Bue Italia Cal. 57/67 Cat. I Vaschetta 500g,"5,96 € / Kg","2,98€",Frutta e verdura,Verdura fresca
Pomodoro Cuore di Bue Italia Cal. 82/102 Cat. I,"3,78 € / Kg","1,89€",Frutta e verdura,Verdura fresca
Pomodoro Rosso a Grappolo Cat. I OLANDA,"2,98 € / Kg","2,98€",Frutta e verdura,Verdura fresca
Radicchio Rosso Tondo Italia Cat. I,"2,48 € / Kg","1,73€",Frutta e verdura,Verdura fresca
Ravanelli Rossi Italia Cat. I Vassoio 100g,9.9 € / Kg,"0,99€",Frutta e verdura,Verdura fresca
CONAD Percorso Qualità Sedano Cuore Spagna 500 g,"3,30 € / Kg","1,65€",Frutta e verdura,Verdura fresca
Sedano Cuore Italia 500 g Percorso Qualità Conad,"3,30 € / Kg","1,65€",Frutta e verdura,Verdura fresca
Rucola 125 g Percorso Qualità Conad,12.6 € / Kg,"0,99€",Frutta e verdura,Verdura fresca
Bietoline 500 g Percorso Qualità Conad,"5,96 € / Kg","2,98€",Frutta e verdura,Verdura fresca
Carote Julienne 200 g Percorso Qualità Conad,"6,45 € / Kg","1,29€",Frutta e verdura,Verdura fresca
Contadina 250 g Percorso Qualità Conad,"5,56 € / Kg","1,39€",Frutta e verdura,Verdura fresca
Cuore di Iceberg 200 g Percorso Qualità Conad,"9,95 € / Kg","1,99€",Frutta e verdura,Verdura fresca
Cuore di Lattuga 160 g Percorso Qualità Conad,"8,69 € / Kg","1,39€",Frutta e verdura,Verdura fresca
Insalata mista con carote e spinacino 220 g Conad,"5,41 € / Kg","1,19€",Frutta e verdura,Verdura fresca
Lattughino 70 g Percorso Qualità Conad,"14,14 € / Kg","0,99€",Frutta e verdura,Verdura fresca
Mix & Gusta Feta DOP Olive Nere Crostini 140 g Conad,"21,29 € / Kg","2,98€",Frutta e verdura,Verdura fresca
Mix & Gusta Mozzarella Pomodoro Datterino Crostini 135 g Conad,"22,07 € / Kg","2,98€",Frutta e verdura,Verdura fresca
Mix & Gusta Olive Verdi Grana Padano DOP Crostini 120 g Conad,"24,83 € / Kg","2,98€",Frutta e verdura,Verdura fresca
Mix & Gusta Pomodoro Datterino Noci Grana Padana DOP Crostini 145 g Conad,"20,55 € / Kg","2,98€",Frutta e verdura,Verdura fresca
Orientale 125 g Percorso Qualità Conad,"11,12 € / Kg","1,39€",Frutta e verdura,Verdura fresca
Radicchio e Valeriana 150 g Percorso Qualità Conad,"9,27 € / Kg","1,39€",Frutta e verdura,Verdura fresca
Spinaci 500 g Percorso Qualità Conad,"5,56 € / Kg","2,78€",Frutta e verdura,Verdura fresca
Valeriana 70 g Percorso Qualità Conad,"18,43 € / Kg","1,29€",Frutta e verdura,Verdura fresca
Bonduelle l'Originale Armonia 170 g,13.2 € / Kg,"1,39€",Frutta e verdura,Verdura fresca
Bonduelle Carta delle Insalate Ricetta Deliziosa 90 g,"11,00 € / Kg","0,99€",Frutta e verdura,Verdura fresca
Bonduelle Carta delle Insalate Ricetta Gustosa 150 g,"16,60 € / Kg","2,49€",Frutta e verdura,Verdura fresca
Bonduelle Carta delle Insalate Ricetta Saporita 80 g,"12,38 € / Kg","0,99€",Frutta e verdura,Verdura fresca
Bonduelle Mix Prezioso 70 g,"14,29 € / Kg","1,00€",Frutta e verdura,Verdura fresca
Pannocchie di Mais Dolce cotte a Vapore 400 g Conad,"6,20 € / Kg","2,48€",Frutta e verdura,Verdura fresca
Patate cotte a Vapore 500 g Conad,"4,96 € / Kg","2,48€",Frutta e verdura,Verdura fresca
Rape Rosse cotte a Vapore 500 g Conad,"2,98 € / Kg","1,49€",Frutta e verdura,Verdura fresca
"Zucchine Bio Italia cal. 14-21 cm 0,700 kg Verso Natura Conad",5.6 € / Kg,"2,99€",Frutta e verdura,Verdura fresca
"Zucchino Chiaro Italia cal. 14/21 0,600 kg Percorso Qualità Conad","5,80 € / Kg","3,48€",Frutta e verdura,Verdura fresca
"Zucchino Verde Scuro Italia Cal 15/21 0,600 kg Percorso Qualità Conad","4,97 € / Kg","2,98€",Frutta e verdura,Verdura fresca
ASPARAGI V. I 12-16 ITA mz.500g,7.9 € / Kg,"3,49€",Frutta e verdura,Verdura fresca
CIPOLLA DORATA II  NDL rt.500g,"2,96 € / Kg","1,48€",Frutta e verdura,Verdura fresca
FAGIOLINI I  MAR 250g (spuntati),"0,01 € / conf","2,98€",Frutta e verdura,Verdura fresca
FAGIOLINI I MEDI MAR bs.500g,"0,00 €/Kg","3,48€",Frutta e verdura,Verdura fresca
TACCOLE I  MAR vas.500g.,"0,01 € / conf","3,98€",Frutta e verdura,Verdura fresca
DOLCI V. I ITA FRIGGITELLI 250g,"7,92 € / Kg","1,98€",Frutta e verdura,Verdura fresca
ORIGANO SECCO A MAZZO 30g,"66,33 € / Kg","1,99€",Frutta e verdura,Verdura fresca
SALVIA ITA vasch.30g,"33,00 € / Kg","0,99€",Frutta e verdura,Verdura fresca
TONDO GRAPPOLO  I  N.CAL.ITA,"3,48 € / Kg","1,74€",Frutta e verdura,Verdura fresca
RADICI DI ZENZERO PERU' (ginger),"4,98 € / Kg","2,49€",Frutta e verdura,Verdura fresca
RISO VENERE MEDITERRANEA DDS 120g,29.0 € / Kg,"2,99€",Frutta e verdura,Verdura fresca
CARCIOFO A SPICCHI AL VAPORE 250g,"11,92 € / Kg","2,98€",Frutta e verdura,Verdura fresca
PIATTO UNICO GRECA DIMMIDISI'210 GR,"16,62 € / Kg","3,49€",Frutta e verdura,Verdura fresca
FIORI DI ZUCCHINE ITA vasch.60g,"38,00 € / Kg","2,28€",Frutta e verdura,Verdura fresca
Mix per colazione 150g Verso Natura Bio Conad,"16,67 € / Kg","2,50€",Frutta e verdura,Semi
Mix per Insalata Biologico 150 g Verso Natura Conad,"14,33 € / Kg","2,15€",Frutta e verdura,Semi
"Mix per Pane Semi di Sesamo, papavero e lino Biologico 150 g Verso Natura Bio Conad","14,33 € / Kg","2,15€",Frutta e verdura,Semi
Papavero Semi 115 g Conad,"22,17 € / Kg","2,55€",Frutta e verdura,Semi
Semi di Chia Biologici 150 g Verso Natura Bio Conad,"16,60 € / Kg","2,49€",Frutta e verdura,Semi
Semi di girasole decorticati 150g Verso Natura Bio Conad,"9,27 € / Kg","1,39€",Frutta e verdura,Semi
Semi di lino 150g Verso Natura Bio Conad,"9,27 € / Kg","1,39€",Frutta e verdura,Semi
Semi di Sesamo Biologici 150 g Verso Natura Bio Conad,"10,60 € / Kg","1,59€",Frutta e verdura,Semi
Semi di Zucca 250 g Conad,"9,56 € / Kg","2,39€",Frutta e verdura,Semi
Semi di zucca decorticati 150g Verso Natura Bio,"18,33 € / Kg","2,75€",Frutta e verdura,Semi
Sesamo Semi 120 g Conad,"21,25 € / Kg","2,55€",Frutta e verdura,Semi
"Noberasco € 0,99 Semi di Zucca Decorticati 50 g","19,80 € / Kg","0,99€",Frutta e verdura,Semi
"Noberasco € 0,99 Semi di Zucca Tostati 50 g","19,80 € / Kg","0,99€",Frutta e verdura,Semi
COUS COUS NUOVA TERRA 400g,"5,95 € / Kg","2,38€",Frutta e verdura,Semi
CREMOLATA RAP.CANNEL/FUN N.TERRA160,"248,75 € / Kg","3,98€",Frutta e verdura,Semi
FANTASIA SEMI BIO SARCHIO 180g,"15,83 € / Kg","2,85€",Frutta e verdura,Semi
FARRO PERLATO BIO SARCHIO SAC.400g,"7,45 € / Kg","2,98€",Frutta e verdura,Semi
FARRO PERLATO NUOVA TERRA 400g,"6,45 € / Kg","2,58€",Frutta e verdura,Semi
ORZO PERLATO BIO SARCHIO 400g,"6,45 € / Kg","2,58€",Frutta e verdura,Semi
SEMI GIRASOLE BIO SARCHIO 150g,"14,33 € / Kg","2,15€",Frutta e verdura,Semi
SEMI ZUCCA BIO SARCHIO 150g,"20,60 € / Kg","3,09€",Frutta e verdura,Semi
ZUPPE RAP. N.TERRA BOSCAIOLA 180g,"22,11 € / Kg","3,98€",Frutta e verdura,Semi
ZUPPE RAP. N.TERRA LENTICCHIE 180g,"22,11 € / Kg","3,98€",Frutta e verdura,Semi
ZUPPE RAPIDE  N.TERRA  LEGUMI 180g,"16,56 € / Kg","2,98€",Frutta e verdura,Semi
ZUPPE RAPIDE  N.TERRA  MIGLIO 160g,"18,62 € / Kg","2,98€",Frutta e verdura,Semi
ZUPPE RAPIDE  N.TERRA CECI 180g,"16,56 € / Kg","2,98€",Frutta e verdura,Semi
Cous Cous 250 g Conad,"7,96 € / Kg","1,99€",Frutta e verdura,"Legumi, cereali e funghi"
Cous Cous 500 g Conad,"2,98 € / Kg","1,49€",Frutta e verdura,"Legumi, cereali e funghi"
Cous Cous Integrale 500 g Conad,"2,98 € / Kg","1,49€",Frutta e verdura,"Legumi, cereali e funghi"
Farro Biologico 400 g Verso Natura Bio Conad,"6,88 € / Kg","2,75€",Frutta e verdura,"Legumi, cereali e funghi"
Farro Perlato 400 g Conad,"4,97 € / Kg","1,99€",Frutta e verdura,"Legumi, cereali e funghi"
Farro Perlato della Toscana 300 g Conad,"8,30 € / Kg","2,49€",Frutta e verdura,"Legumi, cereali e funghi"
Farro perlato g 300 Verso Natura Bio Conad,"6,63 € / Kg","1,99€",Frutta e verdura,"Legumi, cereali e funghi"
I Cotti al Vapore Mais 3 x 160 g Conad,"5,73 € / Kg","2,75€",Frutta e verdura,"Legumi, cereali e funghi"
I Cotti al Vapore Mais 310 g Conad,"4,03 € / Kg","1,25€",Frutta e verdura,"Legumi, cereali e funghi"
Mais Biologico 160 g x 2 Verso Natura Bio Conad,"8,09 € / Kg","2,59€",Frutta e verdura,"Legumi, cereali e funghi"
Mix 5 cereali Rapida Cottura 250 g Conad,"7,96 € / Kg","1,99€",Frutta e verdura,"Legumi, cereali e funghi"
"Mix Orzo, Farro, Lenticchie e Grano Rapida Cottura 250 g Conad","7,96 € / Kg","1,99€",Frutta e verdura,"Legumi, cereali e funghi"
"Mix Riso Thai, Farro, Grano e Legumi Rapida Cottura 250 g Conad","7,96 € / Kg","1,99€",Frutta e verdura,"Legumi, cereali e funghi"
Orzo g 400 Verso Natura Bio Conad,"5,88 € / Kg","2,35€",Frutta e verdura,"Legumi, cereali e funghi"
Orzo perlato 400g Conad,"3,47 € / Kg","1,39€",Frutta e verdura,"Legumi, cereali e funghi"
Orzo Perlato Biologico 300 g Verso Natura Bio Conad,"5,97 € / Kg","1,79€",Frutta e verdura,"Legumi, cereali e funghi"
"Piacersi Mix 5 Cereali con grano, farro, orzo, riso e avena 400 g Conad","5,98 € / Kg","2,39€",Frutta e verdura,"Legumi, cereali e funghi"
Quinoa bianca g 300 Verso Natura Bio Conad,"10,63 € / Kg","3,19€",Frutta e verdura,"Legumi, cereali e funghi"
Quinoa Biologica 300 g Verso Natura Bio Conad,"16,63 € / Kg","4,99€",Frutta e verdura,"Legumi, cereali e funghi"
Riso Integrale e Quinoa 400g Conad,"5,98 € / Kg","2,39€",Frutta e verdura,"Legumi, cereali e funghi"
Zuppa con Farro Biologica 300 g Verso Natura Bio Conad,"7,63 € / Kg","2,29€",Frutta e verdura,"Legumi, cereali e funghi"
Zuppa con Orzo Biologica 300 g Verso Natura Bio Conad,"7,63 € / Kg","2,29€",Frutta e verdura,"Legumi, cereali e funghi"
Zuppa con Orzo Farro e Legumi 400 g Conad,"4,97 € / Kg","1,99€",Frutta e verdura,"Legumi, cereali e funghi"
Barilla 5 Cereali con riso rosso 400g,"7,12 € / Kg","2,85€",Frutta e verdura,"Legumi, cereali e funghi"
Barilla Farro italiano 400g,"7,48 € / Kg","2,99€",Frutta e verdura,"Legumi, cereali e funghi"
Bonduelle Mais 3 x 150 g,"7,31 € / Kg","3,29€",Frutta e verdura,"Legumi, cereali e funghi"
Bonduelle Mais 300 g,"5,30 € / Kg","1,59€",Frutta e verdura,"Legumi, cereali e funghi"
Riso Scotti Oro Insalate Riso e Cereali Senza Glutine 10' 800 g,"3,86 € / Kg","3,09€",Frutta e verdura,"Legumi, cereali e funghi"
Ceci 400 g Conad,"4,97 € / Kg","1,99€",Frutta e verdura,"Legumi, cereali e funghi"
Ceci g 300 Verso Natura Bio Conad,"6,97 € / Kg","2,09€",Frutta e verdura,"Legumi, cereali e funghi"
Ceci Marchigiani 300 g Sapori & Dintorni Conad,"7,63 € / Kg","2,29€",Frutta e verdura,"Legumi, cereali e funghi"
Fagioli borlotti 400g Conad,"4,97 € / Kg","1,99€",Frutta e verdura,"Legumi, cereali e funghi"
Fagioli Borlotti Biologici 300 g Verso Natura Bio Conad,"8,83 € / Kg","2,65€",Frutta e verdura,"Legumi, cereali e funghi"
Fagioli Cannellini 400 g Conad,"4,97 € / Kg","1,99€",Frutta e verdura,"Legumi, cereali e funghi"
Fagioli Cannellini Biologici 300 g Verso Natura Bio Conad,"10,63 € / Kg","3,19€",Frutta e verdura,"Legumi, cereali e funghi"
Fagioli corona 400g Conad,"7,22 € / Kg","2,89€",Frutta e verdura,"Legumi, cereali e funghi"
Fagioli Stregoni Piemontesi 300 g Sapori & Dintorni Conad,"8,67 € / Kg","2,60€",Frutta e verdura,"Legumi, cereali e funghi"
Fave Pugliesi 300 g Sapori & Dintorni Conad,"9,17 € / Kg","2,75€",Frutta e verdura,"Legumi, cereali e funghi"
Lenticchie dell'Altopiano di Colfiorito 300 g Sapori & Dintorni Conad,"13,30 € / Kg","3,99€",Frutta e verdura,"Legumi, cereali e funghi"
Lenticchie Grandi 400 g Conad,"4,22 € / Kg","1,69€",Frutta e verdura,"Legumi, cereali e funghi"
Lenticchie Medie 400 g Conad,"4,22 € / Kg","1,69€",Frutta e verdura,"Legumi, cereali e funghi"
Lenticchie piccole 400g Conad,"4,22 € / Kg","1,69€",Frutta e verdura,"Legumi, cereali e funghi"
Lenticchie Rosse Piccole 400 g Conad,"4,22 € / Kg","1,69€",Frutta e verdura,"Legumi, cereali e funghi"
Lenticchie verdi g 300 Verso Natura Bio Conad,"9,00 € / Kg","2,70€",Frutta e verdura,"Legumi, cereali e funghi"
Zuppa di Legumi 400 g Conad,"4,97 € / Kg","1,99€",Frutta e verdura,"Legumi, cereali e funghi"
Barilla Legumotti lenticchie rosse ceci e piselli 300g,"9,63 € / Kg","2,89€",Frutta e verdura,"Legumi, cereali e funghi"
Barilla Legumotti lenticchie rosse e piselli 300g,"9,63 € / Kg","2,89€",Frutta e verdura,"Legumi, cereali e funghi"
Colfiorito Fagioli Neri 500 g,"5,70 € / Kg","2,85€",Frutta e verdura,"Legumi, cereali e funghi"
Colfiorito Fagioli Occhio 500 g,"5,70 € / Kg","2,85€",Frutta e verdura,"Legumi, cereali e funghi"
Colfiorito selezione Oro Lenticchia dell'Umbria 400 g,"9,12 € / Kg","3,65€",Frutta e verdura,"Legumi, cereali e funghi"
CRUSCA D'AVENA BIO SARCHIO 250g,"10,20 € / Kg","2,55€",Frutta e verdura,"Legumi, cereali e funghi"
FARRO SOFF.MIE.BIO SARCHIO SAC 200g,"18,25 € / Kg","3,65€",Frutta e verdura,"Legumi, cereali e funghi"
FIOCCHI AVENA BIO SARCHIO 375g,"8,93 € / Kg","3,35€",Frutta e verdura,"Legumi, cereali e funghi"
FIOCCHI GR.SARAC.S/G SARCHIO 375g,"9,57 € / Kg","3,59€",Frutta e verdura,"Legumi, cereali e funghi"
GR.SARAC.SOFFIATO S/G SARCHOP 100g,"21,90 € / Kg","2,19€",Frutta e verdura,"Legumi, cereali e funghi"
MIGLIO SOFFIATO BIO S/G SARCHIO100g,"23,50 € / Kg","2,35€",Frutta e verdura,"Legumi, cereali e funghi"
MUESLI ENERGI S/G SARCHIO 250g,"15,16 € / Kg","3,79€",Frutta e verdura,"Legumi, cereali e funghi"
RISO CIOCO GOLOSO S/G SARCHIO 200g,"18,95 € / Kg","3,79€",Frutta e verdura,"Legumi, cereali e funghi"
RISO SOFFIATO BIO S.GL.SARCHIO 200g,"16,25 € / Kg","3,25€",Frutta e verdura,"Legumi, cereali e funghi"
I PRONTI PEDON CANNELLINI 250g,"7,96 € / Kg","1,99€",Frutta e verdura,"Legumi, cereali e funghi"
I PRONTI PEDON CECI 250g,"7,96 € / Kg","1,99€",Frutta e verdura,"Legumi, cereali e funghi"
I PRONTI PEDON LENTICCHIE 250g,"7,96 € / Kg","1,99€",Frutta e verdura,"Legumi, cereali e funghi"
FUNGHI SECCHI SPEC RE PORCINO 30g,"0,20 € / conf","5,95€",Frutta e verdura,"Legumi, cereali e funghi"
Ananas a Fette in Sciroppo 565 g Conad,"3,86 € / Kg","2,19€",Frutta e verdura,Frutta conservata
Ananas a Fette in Sciroppo 825 g Conad,"3,38 € / Kg","2,79€",Frutta e verdura,Frutta conservata
Ananas a Fette in Succo d'Ananas 565 g Conad,"3,88 € / Kg","2,19€",Frutta e verdura,Frutta conservata
Ananas in Pezzi in Succo d'Ananas 3 x 225 g Conad,"5,41 € / Kg","3,65€",Frutta e verdura,Frutta conservata
Macedonia di Frutta in Sciroppo 415 g Conad,"4,70 € / Kg","1,95€",Frutta e verdura,Frutta conservata
Macedonia di Frutta in Sciroppo 680 g Conad,"5,87 € / Kg","3,99€",Frutta e verdura,Frutta conservata
Pere Williams in Sciroppo 415 g Conad,"4,70 € / Kg","1,95€",Frutta e verdura,Frutta conservata
Pesche in Sciroppo 415 g Conad,"3,59 € / Kg","1,49€",Frutta e verdura,Frutta conservata
Pesche in Sciroppo 680 g Conad,"4,40 € / Kg","2,99€",Frutta e verdura,Frutta conservata
Pesche in Sciroppo 825 g Conad,"3,14 € / Kg","2,59€",Frutta e verdura,Frutta conservata
Frullà Classico Mela Banana 100 g,"6,20 € / Kg","0,62€",Frutta e verdura,Frutta conservata
Melinda Mousse 100% Mela e Albicocca 2 x 100 g,"7,25 € / Kg","1,45€",Frutta e verdura,Frutta conservata
Melinda Mousse 100% Mela e Banana 2 x 100 g,"7,25 € / Kg","1,45€",Frutta e verdura,Frutta conservata
Melinda Mousse 100% Mela e Fragola 2 x 100 g,"7,25 € / Kg","1,45€",Frutta e verdura,Frutta conservata
Melinda Mousse 100% Mela e Frutti di Bosco 2 x 100 g,"7,25 € / Kg","1,45€",Frutta e verdura,Frutta conservata
Melinda Mousse 100% Mela e Kiwi 2 x 100 g,"7,25 € / Kg","1,45€",Frutta e verdura,Frutta conservata
Melinda Mousse 100% Mela e Melagrana 2 x 100 g,"7,25 € / Kg","1,45€",Frutta e verdura,Frutta conservata
Melinda Mousse 100% Mela e Mirtillo 2 x 100 g,"7,25 € / Kg","1,45€",Frutta e verdura,Frutta conservata
Melinda Mousse 100% Mela e Pera 2 x 100 g,"7,25 € / Kg","1,45€",Frutta e verdura,Frutta conservata
Melinda Mousse 100% Mela e Pesca 2 x 100 g,"7,25 € / Kg","1,45€",Frutta e verdura,Frutta conservata
Melinda Mousse 100% Mela e Prugna 2 x 100 g,"7,25 € / Kg","1,45€",Frutta e verdura,Frutta conservata
Melinda Mousse 100% Mela Golden 2 x 100 g,"7,25 € / Kg","1,45€",Frutta e verdura,Frutta conservata
Melinda Squeez 100% frutta Passata di mela & fragola 90 g,"12,78 € / Kg","1,15€",Frutta e verdura,Frutta conservata
Melinda Squeez 100% frutta Passata di mela & frutti tropicali 90 g,"12,78 € / Kg","1,15€",Frutta e verdura,Frutta conservata
Melinda Squeez 100% frutta Passata di mela & pera 90 g,"12,78 € / Kg","1,15€",Frutta e verdura,Frutta conservata
Melinda Squeez 100% frutta Passata di mela golden 90 g,"12,78 € / Kg","1,15€",Frutta e verdura,Frutta conservata
Valfrutta Albicocche Mediterranee 420 g,"9,12 € / Kg","2,19€",Frutta e verdura,Frutta conservata
Valfrutta Frutta e vai! Esotica con succo di Maracuja 3 x 85 g,"11,73 € / Kg","2,99€",Frutta e verdura,Frutta conservata
Valfrutta Frutta e vai! Mediterranea con succo di arancia 3 x 135 g,"11,73 € / Kg","2,99€",Frutta e verdura,Frutta conservata
Valfrutta Prugne 425 g,"5,80 € / Kg","1,45€",Frutta e verdura,Frutta conservata
Sperlari Mostarda 560 g,"11,16 € / Kg","6,25€",Frutta e verdura,Frutta conservata
MIRTILLI NATURALI RE PORCINO 200ml,"0,02 € / conf","3,98€",Frutta e verdura,Frutta conservata
MOST.VERGANI CILIEGIE SNOC.VASO400g,"12,12 € / Kg","4,85€",Frutta e verdura,Frutta conservata
Percorso Qualità Braciola con Osso di Vitello CONAD,21.8 € / Kg,"6,36€",Carne e salumi,Vitello
Percorso Qualità Fettine di Posteriore di Vitello CONAD,23.4 € / Kg,"4,77€",Carne e salumi,Vitello
Percorso Qualità Fettine Sottili di Posteriore di Vitello CONAD,"26,10 € / Kg","5,22€",Carne e salumi,Vitello
Percorso Qualità Spezzatino di Vitello CONAD,"17,10 € / Kg","8,55€",Carne e salumi,Vitello
Percorso Qualità Hamburger di Angus Irlandese Gusto Intenso 180 g Sapori & Idee Conad,22.1 € / Kg,"3,30€",Carne e salumi,Bovino
CONAD Percorso Qualità Macinato Misto di Suino e Bovino 350 g,"11,40 € / Kg","3,99€",Carne e salumi,Bovino
CONAD Percorso Qualità Macinato Scelto di Bovino 350 g,"14,26 € / Kg","4,99€",Carne e salumi,Bovino
Hamburger di Bovino 2 x 80 g Percorso Qualità Conad,"14,37 € / Kg","2,30€",Carne e salumi,Bovino
Hamburger di Bovino Biologico 150 g Verso Natura Bio Conad,"26,00 € / Kg","3,90€",Carne e salumi,Bovino
Hamburger di Marchigiana Gusto Rustico 180 g Sapori & Dintorni Conad,"25,56 € / Kg","4,60€",Carne e salumi,Bovino
Hamburger di Romagnola Gusto Delicato 180 g Sapori & Dintorni Conad,"25,56 € / Kg","4,60€",Carne e salumi,Bovino
Hamburger di Vitello 2 x 80 g Percorso Qualità Conad,"18,12 € / Kg","2,90€",Carne e salumi,Bovino
"Macinato di Vitello 0,300 kg Percorso Qualità Conad","16,33 € / Kg","4,90€",Carne e salumi,Bovino
Macinato Scelto di Bovino Adulto Italia Percorso Qualità Conad,"11,90 € / Kg","11,90€",Carne e salumi,Bovino
Percorso Qualità Arrosto di Vitello CONAD,"18,70 € / Kg","14,96€",Carne e salumi,Bovino
Percorso Qualità Macinato di Vitello CONAD,"13,50 € / Kg","5,40€",Carne e salumi,Bovino
Fettine Sottili di Lonza di Suino 200 g Percorso Qualità Conad,"12,50 € / Kg","2,50€",Carne e salumi,Suino
Percorso Qualità Lonza Di Suino a Trancio CONAD,"10,50 € / Kg","9,45€",Carne e salumi,Suino
Hamburger di Suino 2 x 80 g Percorso Qualità Conad,"10,62 € / Kg","1,70€",Carne e salumi,Suino
Spiedini di Suino 300 g Percorso Qualità Conad,"13,30 € / Kg","3,99€",Carne e salumi,Suino
"Aia Carne al Fuoco Verzino Aperto Senza Pelle 0,400 kg","13,98 € / Kg","5,59€",Carne e salumi,Suino
Tagliata di Petto di Pollo 400 g Percorso Qualità Conad,12.2 € / Kg,"3,90€",Carne e salumi,Pollo e tacchino
"Filetti di Petto di Pollo 0,400 kg Percorso Qualità Conad","9,25 € / Kg","3,70€",Carne e salumi,Pollo e tacchino
Percorso Qualità Ali Di Pollo CONAD,"4,10 € / Kg","2,87€",Carne e salumi,Pollo e tacchino
Percorso Qualità Fusi Di Pollo CONAD,"6,90 € / Kg","6,90€",Carne e salumi,Pollo e tacchino
Busto di Gallina in Parti,"4,70 € / Kg","2,82€",Carne e salumi,Pollo e tacchino
Arrosticini di Pollo 200 g Percorso Qualità Conad,"16,00 € / Kg","2,49€",Carne e salumi,Pollo e tacchino
Spiedini Rustici di Pollo Rifiniti a Mano 400 g Percorso Qualità Conad,11.4 € / Kg,"3,60€",Carne e salumi,Pollo e tacchino
Bocconcini Panati di Pollo 300 g Conad,"9,00 € / Kg","2,70€",Carne e salumi,Pollo e tacchino
Cordon Bleu con Pollo 245 g Conad,"8,12 € / Kg","1,99€",Carne e salumi,Pollo e tacchino
Cotolette con Pollo e Spinaci 220 g Conad,"7,73 € / Kg","1,70€",Carne e salumi,Pollo e tacchino
Cotolette di Pollo Conad,"9,05 € / Kg","1,99€",Carne e salumi,Pollo e tacchino
Hamburger di Pollo 200 g Percorso Qualità Conad,"12,50 € / Kg","2,50€",Carne e salumi,Pollo e tacchino
Hamburger di Tacchino 200 g Percorso Qualità Conad,"12,50 € / Kg","2,50€",Carne e salumi,Pollo e tacchino
Kebab di Pollo 350 g Conad,"12,00 € / Kg","4,20€",Carne e salumi,Pollo e tacchino
Tagliata di Petti di Pollo 350 g Conad,"11,40 € / Kg","3,99€",Carne e salumi,Pollo e tacchino
"Aia Polpettine di Pollo e Tacchino con carote e spinaci 0,370 kg","18,16 € / Kg","3,99€",Carne e salumi,Pollo e tacchino
"Aia Chicken Salad Tagliata di Petti di Pollo 0,300 kg","22,30 € / Kg","6,69€",Carne e salumi,Pollo e tacchino
Allevato senza uso di antibiotici Ali di Tacchino 750 g Percorso Qualità Conad,"4,53 € / Kg","3,40€",Carne e salumi,Pollo e tacchino
"Filetti di Tacchino 0,350 kg Percorso Qualità Conad","11,14 € / Kg","3,90€",Carne e salumi,Pollo e tacchino
POLLO SOTTOCOSCIE BIANCHE,"6,40 € / Kg","9,60€",Carne e salumi,Pollo e tacchino
Masina La Salumeria Sfilacci di Equino Affumicati con Legno di Faggio 100 g,"46,00 € / Kg","4,60€",Carne e salumi,Equino
Arrosticini di Ovino Adulto,"19,98 € / Kg","7,99€",Carne e salumi,Ovino
Arrosticini di Ovino Adulto SPIEDI,"19,97 € / Kg","7,99€",Carne e salumi,Ovino
CONAD Percorso Qualità Coniglio Intero,"11,20 € / Kg","8,85€",Carne e salumi,Altre carni
Hamburger a base di prosciutto cotto 2 x 75 g Conad,"13,27 € / Kg","1,99€",Carne e salumi,Altre carni
Hamburger a base di prosciutto cotto e mozzarella 2 x 75 g Conad,"13,27 € / Kg","1,99€",Carne e salumi,Altre carni
Casa Modena Teneroni Baby Hamburger con Prosciutto Cotto 2 x 75 g,"19,93 € / Kg","2,99€",Carne e salumi,Altre carni
Casa Modena Teneroni Hamburger con Prosciutto Cotto e Mozzarella 2 x 75 g,"19,93 € / Kg","2,99€",Carne e salumi,Altre carni
Casa Modena Teneroni l'Originale 150 g,"19,93 € / Kg","2,99€",Carne e salumi,Altre carni
Giravolte Bocconcini di Patate Speck Formaggio 170 g,"16,41 € / Kg","2,79€",Carne e salumi,Altre carni
Giravolte Bocconcini di Verdure Provola 6 x 28 g,"16,41 € / Kg","2,79€",Carne e salumi,Altre carni
Viva la Mamma Vitel Tonnè 180 g,"24,39 € / Kg","4,39€",Carne e salumi,Altre carni
Bresaola della Valtellina I.G.P. 100 g Sapori & Dintorni Conad,51.9 € / Kg,"3,89€",Carne e salumi,Salumi confezionati e freschi
Coppa 110 g Sapori & Dintorni Conad,42.6 € / Kg,"3,75€",Carne e salumi,Salumi confezionati e freschi
"Mortadella 0,120 kg Sapori & Dintorni Conad",27.0 € / Kg,"2,59€",Carne e salumi,Salumi confezionati e freschi
Mortadella di Pollo 100 g Piacersi Conad,15.9 € / Kg,"1,11€",Carne e salumi,Salumi confezionati e freschi
Petto di Pollo al Forno 100 g Piacersi Conad,19.4 € / Kg,"1,36€",Carne e salumi,Salumi confezionati e freschi
Piacersi Bresaola di Tacchino 100 g Conad,29.4 € / Kg,"2,06€",Carne e salumi,Salumi confezionati e freschi
Piacersi Petto di Tacchino al Forno 100 g Conad,19.4 € / Kg,"1,36€",Carne e salumi,Salumi confezionati e freschi
"Salame Felino IGP 0,090 kg Sapori & Dintorni Conad",50.0 € / Kg,"3,60€",Carne e salumi,Salumi confezionati e freschi
Strolghino 0.090 kg Sapori & Dintorni Conad,47.6 € / Kg,"3,43€",Carne e salumi,Salumi confezionati e freschi
Bacon Fette Pancetta Affumicata 100 g Conad,"18,90 € / Kg","1,89€",Carne e salumi,Salumi confezionati e freschi
Carne Salada del Trentino 0.110 kg Sapori & Dintorni Conad,"45,00 € / Kg","4,95€",Carne e salumi,Salumi confezionati e freschi
CONAD Freschi & Convenienti Salame Milano 100 g,"18,90 € / Kg","1,89€",Carne e salumi,Salumi confezionati e freschi
CONAD Freschi & Convenienti Speck Alto Adige IGP 90 g,"22,11 € / Kg","1,99€",Carne e salumi,Salumi confezionati e freschi
"Culatello 0,090 kg Sapori & Dintorni Conad","87,67 € / Kg","7,89€",Carne e salumi,Salumi confezionati e freschi
Freschi & Convenienti Antipasto di Salumi 120 g Conad,"27,42 € / Kg","3,29€",Carne e salumi,Salumi confezionati e freschi
Freschi & Convenienti Bresaola della Valtellina I.G.P. 90 g Conad,"33,22 € / Kg","2,99€",Carne e salumi,Salumi confezionati e freschi
Freschi & Convenienti Mortadella Bologna IGP g 100 Conad,"14,90 € / Kg","1,49€",Carne e salumi,Salumi confezionati e freschi
Freschi & Convenienti Prosciutto Cotto di Alta Qualità 120 g Conad,"15,75 € / Kg","1,89€",Carne e salumi,Salumi confezionati e freschi
Freschi & Convenienti Prosciutto Cotto Praga 120 g Conad,"19,92 € / Kg","2,39€",Carne e salumi,Salumi confezionati e freschi
Freschi & Soffici Bresaola della Valtellina I.G.P. 60 g Conad,"36,50 € / Kg","2,19€",Carne e salumi,Salumi confezionati e freschi
Freschi & Soffici Prosciutto Cotto di Alta Qualità 80 g Conad,"19,88 € / Kg","1,59€",Carne e salumi,Salumi confezionati e freschi
Freschi & Soffici Prosciutto Crudo Stagionato 60 g Conad,"28,17 € / Kg","1,69€",Carne e salumi,Salumi confezionati e freschi
Freschi e Convenienti Carpaccio di Bresaola 90 g Conad,"33,22 € / Kg","2,99€",Carne e salumi,Salumi confezionati e freschi
Freschi e Convenienti Prosciutto Crudo Stagionato 100 g Conad,"24,90 € / Kg","2,49€",Carne e salumi,Salumi confezionati e freschi
Lardo Toscano 0.080 kg Sapori & Dintorni Conad,"37,38 € / Kg","2,99€",Carne e salumi,Salumi confezionati e freschi
Mortadella con Pistacchio 100 g Percorso Qualità Conad,"23,90 € / Kg","2,39€",Carne e salumi,Salumi confezionati e freschi
Pancetta 0.110 kg Sapori & Dintorni Conad,"30,45 € / Kg","3,35€",Carne e salumi,Salumi confezionati e freschi
Petto di Pollo Arrosto 100 g Percorso Qualità Conad,"26,90 € / Kg","2,69€",Carne e salumi,Salumi confezionati e freschi
Petto di Tacchino Arrosto 100 g Percorso Qualità Conad,"26,90 € / Kg","2,69€",Carne e salumi,Salumi confezionati e freschi
Prosciutto Cotto Alta Qualità 100g Percorso Qualità Conad,"26,90 € / Kg","2,69€",Carne e salumi,Salumi confezionati e freschi
Prosciutto Crudo Stagionato 100g Conad,"38,90 € / Kg","3,89€",Carne e salumi,Salumi confezionati e freschi
Prosciutto di Norcia IGP 100 g Sapori & Dintorni Conad,"49,90 € / Kg","4,99€",Carne e salumi,Salumi confezionati e freschi
Prosciutto di Parma DOP stagionatura minima 18 mesi 100g Sapori & Dintorni Conad,"64,90 € / Kg","6,49€",Carne e salumi,Salumi confezionati e freschi
Prosciutto di Parma DOP stagionatura minima 24 mesi 0.100 kg Sapori & Dintorni Conad,"72,90 € / Kg","7,29€",Carne e salumi,Salumi confezionati e freschi
Prosciutto di San Daniele DOP stagionatura minima 16 mesi 100 g Sapori & Dintorni Conad,"64,90 € / Kg","6,49€",Carne e salumi,Salumi confezionati e freschi
Salame Milano 60 g Conad,"21,50 € / Kg","1,29€",Carne e salumi,Salumi confezionati e freschi
Speck Alto Adige IGP 100 g Sapori & Dintorni Conad,"38,90 € / Kg","3,89€",Carne e salumi,Salumi confezionati e freschi
Tagliere Emiliano Prosciutto crudo - Coppa - Salame Felino IGP 0.120 kg Sapori & Dintorni Conad,"44,58 € / Kg","5,35€",Carne e salumi,Salumi confezionati e freschi
Tagliere Speck Alto Adige IGP Formaggio Veneto Bresaola Valtellina IGP 120 g Sapori & Dintorni Conad,"41,58 € / Kg","4,99€",Carne e salumi,Salumi confezionati e freschi
Fratelli Beretta Fresca Salumeria Prosciutto Crudo 100 g,35.8 € / Kg,"2,15€",Carne e salumi,Salumi confezionati e freschi
Fratelli Beretta Fresca Salumeria Salame Milano 100 g,29.8 € / Kg,"1,73€",Carne e salumi,Salumi confezionati e freschi
Rigamonti Carpaccio di Bresaola Punta d'Anca 90 g,53.1 € / Kg,"2,63€",Carne e salumi,Salumi confezionati e freschi
Senfter Speck Alto Adige IGP 80 g,31.6 € / Kg,"1,57€",Carne e salumi,Salumi confezionati e freschi
Aia aeQuilibrium Petto di Pollo arrosto cotto al forno 130 g,"21,46 € / Kg","2,79€",Carne e salumi,Salumi confezionati e freschi
Citterio Citterino Riassunto 60 g,"33,17 € / Kg","1,99€",Carne e salumi,Salumi confezionati e freschi
Citterio Sofficette Bresaola della Valtellina I.G.P. 60 g,"44,83 € / Kg","2,69€",Carne e salumi,Salumi confezionati e freschi
Citterio Sofficette Coppa 60 g,"32,50 € / Kg","1,95€",Carne e salumi,Salumi confezionati e freschi
Citterio Sofficette Mortadella Regina 80 g,"19,38 € / Kg","1,55€",Carne e salumi,Salumi confezionati e freschi
Citterio Sofficette Pancetta Arrotolata 80 g,"29,38 € / Kg","2,35€",Carne e salumi,Salumi confezionati e freschi
Citterio Sofficette Petto di Pollo al Forno 60 g,"25,83 € / Kg","1,55€",Carne e salumi,Salumi confezionati e freschi
Citterio Sofficette Petto di Tacchino al Forno 80 g,"22,38 € / Kg","1,79€",Carne e salumi,Salumi confezionati e freschi
Citterio Sofficette Prosciutto Cotto di Alta Qualità 80 g,"19,88 € / Kg","1,59€",Carne e salumi,Salumi confezionati e freschi
Citterio Sofficette Prosciutto Crudo 60 g,"28,17 € / Kg","1,69€",Carne e salumi,Salumi confezionati e freschi
Citterio Sofficette Speck Alto Adige IGP 60 g,"30,83 € / Kg","1,85€",Carne e salumi,Salumi confezionati e freschi
Citterio Tagliofresco Bresaola della Valtellina I.G.P. 70 g,"55,57 € / Kg","3,89€",Carne e salumi,Salumi confezionati e freschi
Citterio Tagliofresco Grancotto di Vignola Prosciutto Cotto di Alta Qualità 110 g,"30,45 € / Kg","3,35€",Carne e salumi,Salumi confezionati e freschi
Citterio Tagliofresco il Salame di Milano l'Originale 70 g,"28,43 € / Kg","1,99€",Carne e salumi,Salumi confezionati e freschi
Citterio Tagliofresco Prosciutto Crudo il Poggio 100 g,"37,50 € / Kg","3,75€",Carne e salumi,Salumi confezionati e freschi
Ferrarini il Ferrarini Prosciutto Cotto di Alta Qualità 120 g,"40,75 € / Kg","4,89€",Carne e salumi,Salumi confezionati e freschi
Fratelli Beretta Bacon Fette pancetta affumicata 100 g,"32,90 € / Kg","3,29€",Carne e salumi,Salumi confezionati e freschi
Negroni Gran Crudo 80 g,"57,37 € / Kg","4,59€",Carne e salumi,Salumi confezionati e freschi
Negroni Negronetto 75 g,"26,53 € / Kg","1,99€",Carne e salumi,Salumi confezionati e freschi
Rigamonti Bresaola della Valtellina I.G.P. Punta d'Anca 70 g,"62,71 € / Kg","4,39€",Carne e salumi,Salumi confezionati e freschi
Rigamonti Bresaola di Equino 80 g,"43,63 € / Kg","3,49€",Carne e salumi,Salumi confezionati e freschi
"Rovagnati gran biscotto Classico 100,0 g","39,90 € / Kg","3,99€",Carne e salumi,Salumi confezionati e freschi
Cotto cubetti 2 x 100 g Conad,"10,45 € / Kg","2,09€",Carne e salumi,Salumi confezionati e freschi
Guanciale 100 g Sapori & Dintorni Conad,"30,50 € / Kg","3,05€",Carne e salumi,Salumi confezionati e freschi
Pancetta Affumicata 100 g Sapori & Dintorni Conad,"24,50 € / Kg","2,45€",Carne e salumi,Salumi confezionati e freschi
Pancetta affumicata cubetti 200 g Conad,"11,25 € / Kg","2,25€",Carne e salumi,Salumi confezionati e freschi
Pancetta Dolce cubetti 2 x 100 g Conad,"11,25 € / Kg","2,25€",Carne e salumi,Salumi confezionati e freschi
Speck stick 2 x 50 g Conad,"28,90 € / Kg","2,89€",Carne e salumi,Salumi confezionati e freschi
Fratelli Beretta Cubetti leggeri pancetta affumicata -30% di grassi* 2 x 60 g,21.5 € / Kg,"1,99€",Carne e salumi,Salumi confezionati e freschi
Fratelli Beretta il Guanciale stick 2 x 60 g,"23,25 € / Kg","2,79€",Carne e salumi,Salumi confezionati e freschi
Fratelli Beretta Pancetta Affumicata a cubetti 2 x 75 g,"20,60 € / Kg","3,09€",Carne e salumi,Salumi confezionati e freschi
Fratelli Beretta Pancetta Dolce a cubetti 2 x 75 g,"20,60 € / Kg","3,09€",Carne e salumi,Salumi confezionati e freschi
Prosciutto Cotto di Alta Qualità ROVAGNATI,"30,90 € / Kg","30,90€",Carne e salumi,Salumi confezionati e freschi
Salame Felino Sapori & Dintorni Conad,"24,90 € / Kg","2,49€",Carne e salumi,Salumi confezionati e freschi
CONAD Salame Cacciatore Italiano DOP,"20,90 € / Kg","20,90€",Carne e salumi,Salumi confezionati e freschi
Mortadella Bologna IGP 500 g Conad,"9,18 € / Kg","4,59€",Carne e salumi,Salumi confezionati e freschi
Mortadella Bologna IGP Spicchio 300 g Conad,"10,83 € / Kg","3,25€",Carne e salumi,Salumi confezionati e freschi
Prosciutto Cotto 400 g Conad,"11,98 € / Kg","4,79€",Carne e salumi,Salumi confezionati e freschi
Salame Casereccio 240 g Conad,"18,71 € / Kg","4,49€",Carne e salumi,Salumi confezionati e freschi
Salame Milano 200 g Conad,"19,90 € / Kg","3,98€",Carne e salumi,Salumi confezionati e freschi
Salsiccia Curva Piccante 300 g Sapori & Dintorni Conad,"16,30 € / Kg","4,89€",Carne e salumi,Salumi confezionati e freschi
Strolghino 200 g Sapori & Dintorni Conad,"24,95 € / Kg","4,99€",Carne e salumi,Salumi confezionati e freschi
Cavalier Umberto Boschi Strolghino,25.9 € / Kg,"5,67€",Carne e salumi,Salumi confezionati e freschi
Rovagnati Snello Grancotto 500 g,16.2 € / Kg,"5,99€",Carne e salumi,Salumi confezionati e freschi
"Aia aeQuilibrium Petto di Tacchino arrosto cotto al forno 0,350 kg","13,11 € / Kg","4,59€",Carne e salumi,Salumi confezionati e freschi
Casa Modena Salamini Italiani alla Cacciatora DOP 175 g,"28,51 € / Kg","4,99€",Carne e salumi,Salumi confezionati e freschi
Citterio gli Irresistibili Salame Bastoncini 2 x 30 g,"30,83 € / Kg","1,85€",Carne e salumi,Salumi confezionati e freschi
"Fratelli Beretta SalaMini Classico 2 x 42,5 g","25,29 € / Kg","2,15€",Carne e salumi,Salumi confezionati e freschi
"Fratelli Beretta SalaMini Piccante 2 x 42,5 g","25,29 € / Kg","2,15€",Carne e salumi,Salumi confezionati e freschi
Gardani Guanciale Stagionato 200 g,"19,95 € / Kg","3,99€",Carne e salumi,Salumi confezionati e freschi
PANCETTA TESA STAG.FUMAGALLI 100g,"28,90 € / Kg","2,89€",Carne e salumi,Salumi confezionati e freschi
"SALUMI&FORMAG.R. ANGELO 130g 9,80","75,38 € / Kg","9,80€",Carne e salumi,Salumi confezionati e freschi
TACCHINO ARROSTO CIPRESSI IN C.100g,"46,00 € / Kg","4,60€",Carne e salumi,Salumi confezionati e freschi
PETALI DI SPECK NEGRONI 2x50g,"29,80 € / Kg","2,98€",Carne e salumi,Salumi confezionati e freschi
COTTO CUBETTI NEGRONI 120g.,"20,50 € / Kg","2,48€",Carne e salumi,Salumi confezionati e freschi
CUBETTI DI SALSICCIA NEGRONI 2x60g,"17,08 € / Kg","2,05€",Carne e salumi,Salumi confezionati e freschi
PANC.AFFUM.CUB.NEGRONI.2x100g,"19,95 € / Kg","3,99€",Carne e salumi,Salumi confezionati e freschi
PANC.DOLCE CUB NEGRONI.2x100g,"19,95 € / Kg","3,99€",Carne e salumi,Salumi confezionati e freschi
PETALI DI BACON NEGRONI 2x50g,"25,90 € / Kg","2,59€",Carne e salumi,Salumi confezionati e freschi
PETALI DI PANC.AFFUM.NEGRONI 2X50g,"22,90 € / Kg","2,29€",Carne e salumi,Salumi confezionati e freschi
Percorso Qualità Hamburger di Angus Irlandese Gusto Intenso 180 g Sapori & Idee Conad,22.1 € / Kg,"3,30€",Carne e salumi,Preparazione a base di carne
CONAD Percorso Qualità Macinato Misto di Suino e Bovino 350 g,"11,40 € / Kg","3,99€",Carne e salumi,Preparazione a base di carne
CONAD Percorso Qualità Macinato Scelto di Bovino 350 g,"14,26 € / Kg","4,99€",Carne e salumi,Preparazione a base di carne
Hamburger di Bovino 2 x 80 g Percorso Qualità Conad,"14,37 € / Kg","2,30€",Carne e salumi,Preparazione a base di carne
Hamburger di Bovino Biologico 150 g Verso Natura Bio Conad,"26,00 € / Kg","3,90€",Carne e salumi,Preparazione a base di carne
Hamburger di Marchigiana Gusto Rustico 180 g Sapori & Dintorni Conad,"25,56 € / Kg","4,60€",Carne e salumi,Preparazione a base di carne
Hamburger di Romagnola Gusto Delicato 180 g Sapori & Dintorni Conad,"25,56 € / Kg","4,60€",Carne e salumi,Preparazione a base di carne
Hamburger di Vitello 2 x 80 g Percorso Qualità Conad,"18,12 € / Kg","2,90€",Carne e salumi,Preparazione a base di carne
"Macinato di Vitello 0,300 kg Percorso Qualità Conad","16,33 € / Kg","4,90€",Carne e salumi,Preparazione a base di carne
Macinato Scelto di Bovino Adulto Italia Percorso Qualità Conad,"11,90 € / Kg","11,90€",Carne e salumi,Preparazione a base di carne
Percorso Qualità Arrosto di Vitello CONAD,"18,70 € / Kg","14,96€",Carne e salumi,Preparazione a base di carne
Percorso Qualità Macinato di Vitello CONAD,"13,50 € / Kg","5,40€",Carne e salumi,Preparazione a base di carne
Arrosticini di Ovino Adulto,"19,98 € / Kg","7,99€",Carne e salumi,Preparazione a base di carne
Arrosticini di Ovino Adulto SPIEDI,"19,97 € / Kg","7,99€",Carne e salumi,Preparazione a base di carne
Hamburger di Suino 2 x 80 g Percorso Qualità Conad,"10,62 € / Kg","1,70€",Carne e salumi,Preparazione a base di carne
Spiedini di Suino 300 g Percorso Qualità Conad,"13,30 € / Kg","3,99€",Carne e salumi,Preparazione a base di carne
"Aia Carne al Fuoco Verzino Aperto Senza Pelle 0,400 kg","13,98 € / Kg","5,59€",Carne e salumi,Preparazione a base di carne
Carne di Bovino in gelatina 3 x 140 g Conad,"9,50 € / Kg","3,99€",Carne e salumi,Preparazione a base di carne
Carne di Bovino in gelatina 3 x 90 g Conad,"11,07 € / Kg","2,99€",Carne e salumi,Preparazione a base di carne
Montana Jambonet 200 g,"6,25 € / Kg","1,25€",Carne e salumi,Preparazione a base di carne
Simmenthal 3 x 140 g,"15,45 € / Kg","6,49€",Carne e salumi,Preparazione a base di carne
Simmenthal 3 x 70 g,"16,14 € / Kg","3,39€",Carne e salumi,Preparazione a base di carne
Simmenthal 3 x 90 g,"14,78 € / Kg","3,99€",Carne e salumi,Preparazione a base di carne
STRUTTO B.T.BARATTOLO 500g,"7,98 € / Kg","3,99€",Carne e salumi,Preparazione a base di carne
CONAD Cotechino Modena IGP 500 g,"10,58 € / Kg","5,29€",Carne e salumi,Wurstel e precotti
Mini Cotechino Modena IGP 300 g Conad,"12,83 € / Kg","3,85€",Carne e salumi,Wurstel e precotti
Stinco 650 g Conad,"9,15 € / Kg","5,95€",Carne e salumi,Wurstel e precotti
Casa Modena Fette di Cotechino 2 fette 160 g,"17,81 € / Kg","2,85€",Carne e salumi,Wurstel e precotti
Casa Modena Fette di Zampone 2 fette 160 g,"18,44 € / Kg","2,95€",Carne e salumi,Wurstel e precotti
Fini il Cotechino 500 g,"12,38 € / Kg","6,19€",Carne e salumi,Wurstel e precotti
CONAD Mini Würstel Pollo 100 g,"10,90 € / Kg","1,09€",Carne e salumi,Wurstel e precotti
CONAD Mini Würstel Puro Suino 100 g,"12,90 € / Kg","1,29€",Carne e salumi,Wurstel e precotti
Servelade 2 pezzi 200 g Sapori & Dintorni Conad,"11,75 € / Kg","2,35€",Carne e salumi,Wurstel e precotti
Wiener 2 pezzi 180 g Sapori & Dintorni Conad,"11,61 € / Kg","2,09€",Carne e salumi,Wurstel e precotti
Würstel di Pollo 150g Percorso Qualità Conad,"9,16 € / Kg","2,29€",Carne e salumi,Wurstel e precotti
Würstel Pollo e Tacchino 100 g Conad,"5,50 € / Kg","0,55€",Carne e salumi,Wurstel e precotti
Würstel Pollo e Tacchino 250 g Conad,"4,76 € / Kg","1,19€",Carne e salumi,Wurstel e precotti
Würstel Puro Suino 100 g Conad,"9,40 € / Kg","0,94€",Carne e salumi,Wurstel e precotti
Würstel Puro Suino 250 g Conad,"7,16 € / Kg","1,79€",Carne e salumi,Wurstel e precotti
Aia Wudy Formaggio 150 g,"6,00 € / Kg","0,90€",Carne e salumi,Wurstel e precotti
Wüber Wüberone Pollo Gusto Delicato 250 g,"5,96 € / Kg","1,49€",Carne e salumi,Wurstel e precotti
Aia Wudy Classico 250 g,"5,96 € / Kg","1,49€",Carne e salumi,Wurstel e precotti
Aia Wudy Classico Snack 100 g,"7,90 € / Kg","0,79€",Carne e salumi,Wurstel e precotti
Wüber gli Originali Puro Suino 100 g,"10,50 € / Kg","1,05€",Carne e salumi,Wurstel e precotti
Wüber Wüberone 250 g,"8,36 € / Kg","2,09€",Carne e salumi,Wurstel e precotti
Filetti di Alici all'Olio di Oliva 150 g Conad,"23,93 € / Kg","3,59€",Pesce e sushi,Tonno e altro pesce conservato
Filetti di Alici all'Olio di Oliva 230 g Conad,"30,35 € / Kg","6,98€",Pesce e sushi,Tonno e altro pesce conservato
Filetti di Alici all'Olio di Oliva 46 g Conad,"40,22 € / Kg","1,85€",Pesce e sushi,Tonno e altro pesce conservato
Filetti di Alici all'Olio di Oliva 90 g Conad,"27,67 € / Kg","2,49€",Pesce e sushi,Tonno e altro pesce conservato
Filetti di Alici all'Olio di Oliva Arrotolati con Cappero 90 g Conad,"27,67 € / Kg","2,49€",Pesce e sushi,Tonno e altro pesce conservato
Filetti di Alici di Sicilia all'olio di oliva 156 g Sapori & Dintorni Conad,"31,99 € / Kg","4,99€",Pesce e sushi,Tonno e altro pesce conservato
Filetti di Sgombro al Naturale 125 g Conad,"14,32 € / Kg","1,79€",Pesce e sushi,Tonno e altro pesce conservato
Filetti di Sgombro all'Olio di Oliva 125 g Conad,"14,32 € / Kg","1,79€",Pesce e sushi,Tonno e altro pesce conservato
Filetti di Sgombro all'Olio di Oliva 250 g Conad,"17,16 € / Kg","4,29€",Pesce e sushi,Tonno e altro pesce conservato
Filetti di Sgombro Grigliati al Naturale 120 g Conad,"16,25 € / Kg","1,95€",Pesce e sushi,Tonno e altro pesce conservato
Filetti di Sgombro Grigliati all'Olio Extra Vergine di Oliva (10%) 120 g Conad,"16,25 € / Kg","1,95€",Pesce e sushi,Tonno e altro pesce conservato
Filetto di Salmone al Naturale 150 g Conad,"24,33 € / Kg","3,65€",Pesce e sushi,Tonno e altro pesce conservato
Filetto di Salmone all'Olio di Oliva (19%) 150 g Conad,"24,33 € / Kg","3,65€",Pesce e sushi,Tonno e altro pesce conservato
Gamberetti al Naturale 140 g Conad,"32,50 € / Kg","4,55€",Pesce e sushi,Tonno e altro pesce conservato
SAPORI & IDEE CONAD Filetti di Alici del Mar Cantabrico in Olio di Oliva 80 g,"78,62 € / Kg","6,29€",Pesce e sushi,Tonno e altro pesce conservato
Sardine Portoghesi all'Olio di Oliva 125 g Conad,"10,00 € / Kg","1,25€",Pesce e sushi,Tonno e altro pesce conservato
Vongole del Pacifico al Naturale 200 g Conad,"12,45 € / Kg","2,49€",Pesce e sushi,Tonno e altro pesce conservato
Vongole del Pacifico alla Pescatora 130 g Conad,"15,31 € / Kg","1,99€",Pesce e sushi,Tonno e altro pesce conservato
Angelo Parodi Filetti di acciughe Mar Cantabrico in Olio d'Oliva 100 g,59.4 € / Kg,"4,99€",Pesce e sushi,Tonno e altro pesce conservato
Asdomar Filetti di Sgombro all'olio di oliva (34%) 250 g,27.6 € / Kg,"4,69€",Pesce e sushi,Tonno e altro pesce conservato
Delicius Cantabrico Filetti di Alici in olio di oliva 100 g,"61,90 € / Kg","6,19€",Pesce e sushi,Tonno e altro pesce conservato
Delicius Filetti di Alici in olio di oliva (43%) 90 g,"45,56 € / Kg","4,10€",Pesce e sushi,Tonno e altro pesce conservato
Delicius Filetti di Alici in olio di oliva (46%) 58 g,"53,28 € / Kg","3,09€",Pesce e sushi,Tonno e altro pesce conservato
Delicius Filetti di Alici in olio di oliva 46 g,"51,09 € / Kg","2,35€",Pesce e sushi,Tonno e altro pesce conservato
Delicius Filetti di Alici in salsa piccante 50 g,"55,80 € / Kg","2,79€",Pesce e sushi,Tonno e altro pesce conservato
Delicius Filetti di Sgombro al naturale 125 g,"17,52 € / Kg","2,19€",Pesce e sushi,Tonno e altro pesce conservato
Delicius Filetti di Sgombro all'olio di oliva 125 g,"17,52 € / Kg","2,19€",Pesce e sushi,Tonno e altro pesce conservato
Nostromo Filetti di Sgombro all'Olio di Oliva (32%) 120 g,"19,08 € / Kg","2,29€",Pesce e sushi,Tonno e altro pesce conservato
Nostromo Sardine all'Olio di Oliva 120 g,"12,42 € / Kg","1,49€",Pesce e sushi,Tonno e altro pesce conservato
Rio Mare Filetti di Sgombro all'olio di oliva 125 g,"20,00 € / Kg","2,50€",Pesce e sushi,Tonno e altro pesce conservato
Rio mare Filetti di Sgombro all'Olio Extra Vergine di Oliva Grigliati 120 g,"24,92 € / Kg","2,99€",Pesce e sushi,Tonno e altro pesce conservato
Rio mare Filetti di Sgombro Grigliati al Naturale 120 g,"24,92 € / Kg","2,99€",Pesce e sushi,Tonno e altro pesce conservato
Rio mare Filetto di Salmone al Naturale al Vapore 150 g,"34,60 € / Kg","5,19€",Pesce e sushi,Tonno e altro pesce conservato
Rio mare Filetto di Salmone all'Olio di Oliva al Vapore 150 g,"34,60 € / Kg","5,19€",Pesce e sushi,Tonno e altro pesce conservato
Rizzoli Alici in Salsa Piccante 90 g,"59,89 € / Kg","5,39€",Pesce e sushi,Tonno e altro pesce conservato
Rizzoli Filetti di Alici in olio di oliva 90 g,"47,78 € / Kg","4,30€",Pesce e sushi,Tonno e altro pesce conservato
Rizzoli Filetti di Sgombro in olio di oliva 90 g,"21,67 € / Kg","1,95€",Pesce e sushi,Tonno e altro pesce conservato
Rizzoli Filetti di Sgombro ricetta piccante 90 g,"26,56 € / Kg","2,39€",Pesce e sushi,Tonno e altro pesce conservato
Rizzoli le Rizzoline Alici in Salsa Piccante 52 g,"47,88 € / Kg","2,49€",Pesce e sushi,Tonno e altro pesce conservato
Rizzoli le Rizzoline Filetti di alici in olio di oliva 48 g,"51,88 € / Kg","2,49€",Pesce e sushi,Tonno e altro pesce conservato
Le Insalate di Tonno Mais e Tonno 2 x 160 g Conad,"11,22 € / Kg","3,59€",Pesce e sushi,Tonno e altro pesce conservato
Le Insalate di Tonno Messicana e Tonno 2 x 160 g Conad,"11,22 € / Kg","3,59€",Pesce e sushi,Tonno e altro pesce conservato
Le Ricette di Tonno Fagioli e Tonno 2 x 160 g Conad,"8,09 € / Kg","2,59€",Pesce e sushi,Tonno e altro pesce conservato
Le Ricette di Tonno Piselli e Tonno 2 x 160 g Conad,"8,09 € / Kg","2,59€",Pesce e sushi,Tonno e altro pesce conservato
"Rio mare Insalatissime Insalata di Tonno Fagioli con carote, peperoni e olive 2 x 160 g","18,72 € / Kg","5,99€",Pesce e sushi,Tonno e altro pesce conservato
"Rio mare Insalatissime Insalata di Tonno Messicana con fagioli rossi, mais e peperoni 2 x 160 g","18,72 € / Kg","5,99€",Pesce e sushi,Tonno e altro pesce conservato
"Rio mare Insalatissime Insalata di Tonno Orzo e Farro con carote, peperoni e mais 2 x 160 g","18,72 € / Kg","5,99€",Pesce e sushi,Tonno e altro pesce conservato
Rio mare Tonno per Pasta alla Puttanesca 2 x 160 g,"18,72 € / Kg","5,99€",Pesce e sushi,Tonno e altro pesce conservato
Filetti di Tonno al Naturale 200 g Conad,"22,45 € / Kg","4,49€",Pesce e sushi,Tonno e altro pesce conservato
Tonno al Naturale 2 x 160 g Conad,"10,59 € / Kg","3,39€",Pesce e sushi,Tonno e altro pesce conservato
Tonno al Naturale 3 x 80 g Conad,"10,62 € / Kg","2,55€",Pesce e sushi,Tonno e altro pesce conservato
Callipo Filetti di Tonno al naturale in acqua di mare Aquamaris 174 g,"44,20 € / Kg","7,69€",Pesce e sushi,Tonno e altro pesce conservato
Consorcio Filetti di Tonno al naturale 180 g,"44,39 € / Kg","7,99€",Pesce e sushi,Tonno e altro pesce conservato
Rio mare Tonno al Naturale 4 x 56 g,"21,38 € / Kg","4,79€",Pesce e sushi,Tonno e altro pesce conservato
Rio mare Tonno al Naturale 4 x 80 g,"15,47 € / Kg","4,95€",Pesce e sushi,Tonno e altro pesce conservato
ACCIUGHE CANTABRICO VASO ORTIZ 95g,"88,42 € / Kg","8,40€",Pesce e sushi,Tonno e altro pesce conservato
ACCIUGHE OLASAGASTI STESI 320 g,"30,94 € / Kg","9,90€",Pesce e sushi,Tonno e altro pesce conservato
NESTLÉ FRUTTOLO Maxi Duo Fragola - Fior di Latte 4 x 100 g,5.9 € / Kg,"1,59€","Formaggi, latte e uova",Formaggi
"Nestlé Fruttolo Pera, Banana, Fragola 6 x 50 g","6,63 € / Kg","1,99€","Formaggi, latte e uova",Formaggi
"Nestlé Fruttolo Pesca e Albicocca, Mela e Pera, Fragola e Banana 6 x 50 g","6,63 € / Kg","1,99€","Formaggi, latte e uova",Formaggi
Primo Sale 200 g Conad,11.4 € / Kg,"1,98€","Formaggi, latte e uova",Formaggi
Tomini 180 g Sapori & Dintorni Conad,14.9 € / Kg,"1,88€","Formaggi, latte e uova",Formaggi
Robiola 2 x 100 g Conad,"12,00 € / Kg","2,40€","Formaggi, latte e uova",Formaggi
Squacquerone di Romagna DOP 280 g Conad,"12,11 € / Kg","3,39€","Formaggi, latte e uova",Formaggi
Camoscio d'Oro AperiFresco Sapori dell'orto 20 x 5 g,"27,90 € / Kg","2,79€","Formaggi, latte e uova",Formaggi
Fattorie Osella Linea formaggio fresco primosale 190 g,"14,16 € / Kg","2,69€","Formaggi, latte e uova",Formaggi
Fattorie Osella Linea formaggio fresco primosale Senza Lattosio -  125 g,"15,12 € / Kg","1,89€","Formaggi, latte e uova",Formaggi
La Robiola Osella formaggio fresco - 2 x 100 g,"15,45 € / Kg","3,09€","Formaggi, latte e uova",Formaggi
Mauri Caprì Latte di Vacca Italiano 2 x 80 g,"12,19 € / Kg","1,95€","Formaggi, latte e uova",Formaggi
Mauri Caprì Senza Lattosio da Latte Italiano di Vacca 2 x 80 g,"14,31 € / Kg","2,29€","Formaggi, latte e uova",Formaggi
Nonno Nanni Caprino di latte vaccino 80 g,"18,62 € / Kg","1,49€","Formaggi, latte e uova",Formaggi
Nonno Nanni il Primosale 150 g,"15,00 € / Kg","2,25€","Formaggi, latte e uova",Formaggi
Nonno Nanni Robiola 100 g,"17,50 € / Kg","1,75€","Formaggi, latte e uova",Formaggi
Nonno Nanni Squaquerello 250 g,"16,40 € / Kg","4,10€","Formaggi, latte e uova",Formaggi
Taleggio DOP Sapori & Dintorni Conad,"16,90 € / Kg","16,90€","Formaggi, latte e uova",Formaggi
Bel Paese Galbani GALBANI,15.8 € / Kg,"4,47€","Formaggi, latte e uova",Formaggi
Montasio DOP Sapori & Dintorni Conad,"14,90 € / Kg","14,90€","Formaggi, latte e uova",Formaggi
Asiago DOP Conad,"12,90 € / Kg","12,90€","Formaggi, latte e uova",Formaggi
Casciotta d'Urbino Sapori & Dintorni Conad,"19,90 € / Kg","7,56€","Formaggi, latte e uova",Formaggi
Crescenza 100 g Conad,"11,50 € / Kg","1,15€","Formaggi, latte e uova",Formaggi
Crescenza 165 g Conad,"10,61 € / Kg","1,75€","Formaggi, latte e uova",Formaggi
Crescenza 200 g Conad,"10,95 € / Kg","2,19€","Formaggi, latte e uova",Formaggi
Crescenza 320 g Conad,"9,06 € / Kg","2,90€","Formaggi, latte e uova",Formaggi
Crescenza Biologica 100 g Verso Natura Bio Conad,"12,90 € / Kg","1,29€","Formaggi, latte e uova",Formaggi
Stracchino Cremoso 200 g Conad,"11,95 € / Kg","2,39€","Formaggi, latte e uova",Formaggi
Stracchino Senza Lattosio 100 g Alimentum Conad,"12,50 € / Kg","1,25€","Formaggi, latte e uova",Formaggi
Galbani Certosa Crescenza italiana 165 g,"12,06 € / Kg","1,99€","Formaggi, latte e uova",Formaggi
Galbani Certosa Crescenza italiana la Leggera 165 g,"12,06 € / Kg","1,99€","Formaggi, latte e uova",Formaggi
Granarolo Stracchino 170 g,"14,65 € / Kg","2,49€","Formaggi, latte e uova",Formaggi
Nonno Nanni stracchino 100 g,"15,90 € / Kg","1,59€","Formaggi, latte e uova",Formaggi
Nonno Nanni stracchino 250 g,"15,40 € / Kg","3,85€","Formaggi, latte e uova",Formaggi
Cheddar a Fette 150 g Freschi & Convenienti Conad,19.6 € / Kg,"1,59€","Formaggi, latte e uova",Formaggi
Emmentaler Svizzero 250 g Conad,19.9 € / Kg,"4,39€","Formaggi, latte e uova",Formaggi
Freschi e Convenienti Maasdam a Fette 200 g Conad,14.7 € / Kg,"1,59€","Formaggi, latte e uova",Formaggi
Asiago Formaggio DOP 300 g Conad,"14,30 € / Kg","4,29€","Formaggi, latte e uova",Formaggi
Emmental Francese 220 g Conad,"10,86 € / Kg","2,39€","Formaggi, latte e uova",Formaggi
Emmentaler Svizzero 400 g Conad,"18,72 € / Kg","7,49€","Formaggi, latte e uova",Formaggi
Feta DOP 200 g Conad,"15,95 € / Kg","3,19€","Formaggi, latte e uova",Formaggi
"Fontina DOP 0,200 kg Sapori & Dintorni Conad","20,45 € / Kg","4,09€","Formaggi, latte e uova",Formaggi
Formaggio al Peperoncino a Fette Sottili 130 g Conad,"17,62 € / Kg","2,29€","Formaggi, latte e uova",Formaggi
Formaggio di Latte di Montagna a Fette Sottili 130 g Conad,"16,08 € / Kg","2,09€","Formaggi, latte e uova",Formaggi
Gorgonzola Dolce DOP 200 g Sapori & Dintorni Conad,"14,45 € / Kg","2,89€","Formaggi, latte e uova",Formaggi
Maasdam Olandese 150 g Conad,"13,27 € / Kg","1,99€","Formaggi, latte e uova",Formaggi
Maasdam Olandese 330 g Conad,"10,58 € / Kg","3,49€","Formaggi, latte e uova",Formaggi
Pecorino Romano DOP Stagionatura minima 12 mesi 300 g Sapori & Dintorni Conad,"25,30 € / Kg","7,59€","Formaggi, latte e uova",Formaggi
Provolone Valpadana DOP Dolce 250 g Sapori & Dintorni Conad,"13,16 € / Kg","3,29€","Formaggi, latte e uova",Formaggi
Provolone Valpadana DOP Piccante 250 g Sapori & Dintorni Conad,"13,96 € / Kg","3,49€","Formaggi, latte e uova",Formaggi
SAPORI & IDEE CONAD Gorgonzola e Mascarpone 200 g,"14,45 € / Kg","2,89€","Formaggi, latte e uova",Formaggi
Scamorza Affumicata a Fette Sottili 130 g Conad,"16,15 € / Kg","2,10€","Formaggi, latte e uova",Formaggi
Scamorza Affumicata di latte vaccino 250 g Conad,"9,16 € / Kg","2,29€","Formaggi, latte e uova",Formaggi
Scamorza Fresca di latte vaccino 250 g Conad,"9,16 € / Kg","2,29€","Formaggi, latte e uova",Formaggi
Galbani Gim Gorgonzola DOP 220 g,"14,50 € / Kg","3,19€","Formaggi, latte e uova",Formaggi
Auricchio Provolone Piccante l'Originale 200 g,"19,95 € / Kg","3,99€","Formaggi, latte e uova",Formaggi
Babybel Original Mini 5 x 20 g,"19,90 € / Kg","1,99€","Formaggi, latte e uova",Formaggi
Bayernland edam tedesco formaggio a fette 100 g,"18,00 € / Kg","1,80€","Formaggi, latte e uova",Formaggi
Bayernland emmental bavarese formaggio a fette naturalmente senza lattosio* 100 g,"18,00 € / Kg","1,80€","Formaggi, latte e uova",Formaggi
Camoscio d'Oro Fette Morbidissime 150 g,"17,93 € / Kg","2,69€","Formaggi, latte e uova",Formaggi
Camoscio d'Oro l'Originale 200 g,"14,45 € / Kg","2,89€","Formaggi, latte e uova",Formaggi
Caprice des Dieux 200 g,"16,95 € / Kg","3,39€","Formaggi, latte e uova",Formaggi
Ferrari Fontalpe 200g,"13,45 € / Kg","2,69€","Formaggi, latte e uova",Formaggi
Ferrari Tilsit 200g,"12,95 € / Kg","2,59€","Formaggi, latte e uova",Formaggi
Galbani Galbanino Fette Classiche 120 g,"14,08 € / Kg","1,69€","Formaggi, latte e uova",Formaggi
Leerdammer Original Formaggio a Fette 10 x 20 g,"16,95 € / Kg","3,39€","Formaggi, latte e uova",Formaggi
Leerdammer Special Toast Fette 6 x 21 g,"17,20 € / Kg","2,15€","Formaggi, latte e uova",Formaggi
Leerdammer Xtra Sottili 80 g,"23,75 € / Kg","1,90€","Formaggi, latte e uova",Formaggi
Paysan Breton Le Brie 200 g,"11,25 € / Kg","2,25€","Formaggi, latte e uova",Formaggi
Vero Cademartori Taleggio DOP 200 g,"14,45 € / Kg","2,89€","Formaggi, latte e uova",Formaggi
Zorbas Feta a Cubetti 200 g,"17,95 € / Kg","3,59€","Formaggi, latte e uova",Formaggi
L'originale CAMOSCIO D ORO,16.8 € / Kg,"3,87€","Formaggi, latte e uova",Formaggi
Original LEERDAMMER,14.5 € / Kg,"4,17€","Formaggi, latte e uova",Formaggi
Emmental Svizzero Conad,"17,90 € / Kg","5,37€","Formaggi, latte e uova",Formaggi
6 Formaggini cremosi e delicati 125 g Conad,"10,32 € / Kg","1,29€","Formaggi, latte e uova",Formaggi
8 Formaggini al Parmigiano Reggiano 140 g Conad,"11,36 € / Kg","1,59€","Formaggi, latte e uova",Formaggi
NESTLÉ MIO Formaggino Classico (6 formaggini) 125g,13.4 € / Kg,"1,39€","Formaggi, latte e uova",Formaggi
Galbani Crema Bel Paese 8 Formaggini 175 g,"7,94 € / Kg","1,39€","Formaggi, latte e uova",Formaggi
NESTLÉ MIO Formaggino Senza Lattosio (6 formaggini) 125g,"15,60 € / Kg","1,95€","Formaggi, latte e uova",Formaggi
"Nonno Nanni Formaggini 8 x 17,5 g","13,21 € / Kg","1,85€","Formaggi, latte e uova",Formaggi
Parmareggio 8 Formaggini al Parmigiano Reggiano 140 g,"12,07 € / Kg","1,69€","Formaggi, latte e uova",Formaggi
Tigre classico 6 spicchi 140 g,"16,79 € / Kg","2,35€","Formaggi, latte e uova",Formaggi
Formaggio Fresco Spalmabile 175 g Conad,"11,14 € / Kg","1,95€","Formaggi, latte e uova",Formaggi
Formaggio Fresco Spalmabile 200 g Conad,"11,45 € / Kg","2,29€","Formaggi, latte e uova",Formaggi
Formaggio Senza Lattosio Spalmabile 175 g Alimentum Conad,"11,14 € / Kg","1,95€","Formaggi, latte e uova",Formaggi
Camoscio d'Oro DeliCapra Formaggio 100% Capra Spalmabile 150 g,"19,00 € / Kg","2,85€","Formaggi, latte e uova",Formaggi
Jocca fiocchi di latte a base di formaggio fresco magro - 2 x 175 g,"10,54 € / Kg","3,69€","Formaggi, latte e uova",Formaggi
Jocca fiocchi di latte Senza Lattosio a base di formaggio fresco magro - 175 g,"11,37 € / Kg","1,99€","Formaggi, latte e uova",Formaggi
Nonno Nanni il fresco spalmabile 150 g,"13,20 € / Kg","1,98€","Formaggi, latte e uova",Formaggi
Philadelphia BenEssere Light 175 g,"14,00 € / Kg","2,45€","Formaggi, latte e uova",Formaggi
Philadelphia BenEssere Senza Lattosio formaggio fresco spalmabile - 175 g,"12,86 € / Kg","2,25€","Formaggi, latte e uova",Formaggi
Philadelphia formaggio fresco spalmabile alle Erbe - 6x25g,"18,60 € / Kg","2,79€","Formaggi, latte e uova",Formaggi
Philadelphia formaggio fresco spalmabile con salmone norvegese - 150 g,"15,00 € / Kg","2,25€","Formaggi, latte e uova",Formaggi
Philadelphia Original 2 x 80 g,"16,19 € / Kg","2,59€","Formaggi, latte e uova",Formaggi
Philadelphia Original 250 g,"13,16 € / Kg","3,29€","Formaggi, latte e uova",Formaggi
Philadelphia Original formaggio fresco spalmabile - 150g,"15,00 € / Kg","2,25€","Formaggi, latte e uova",Formaggi
Philadelphia Original Mini formaggio fresco spalmabile - 4 x 35 g,"14,21 € / Kg","1,99€","Formaggi, latte e uova",Formaggi
Philadelphia Salmone 6 x 25 g,"18,60 € / Kg","2,79€","Formaggi, latte e uova",Formaggi
Finette Burger al Gorgonzola 8 Fette 150 g Conad,"9,27 € / Kg","1,39€","Formaggi, latte e uova",Formaggi
Finette Burger al Pecorino 8 Fette 150 g Conad,"9,27 € / Kg","1,39€","Formaggi, latte e uova",Formaggi
Finette Burger alla Scamorza Affumicata 8 Fette 150 g Conad,"9,27 € / Kg","1,39€","Formaggi, latte e uova",Formaggi
Finette Classiche 16 fette 400 g Conad,"6,22 € / Kg","2,49€","Formaggi, latte e uova",Formaggi
Finette classiche 6 Fette 150 g Alimentum Senza Lattosio Conad,"8,60 € / Kg","1,29€","Formaggi, latte e uova",Formaggi
Finette Classiche 8 fette 200 g Conad,"7,45 € / Kg","1,49€","Formaggi, latte e uova",Formaggi
Finette con Cheddar 8 fette 150 g Conad,"9,00 € / Kg","1,35€","Formaggi, latte e uova",Formaggi
Finette con Emmental 8 fette 150 g Conad,"7,93 € / Kg","1,19€","Formaggi, latte e uova",Formaggi
Piacersi Finette 8 Fette 200 g Conad,"5,95 € / Kg","1,19€","Formaggi, latte e uova",Formaggi
Parmareggio Fettine al Parmigiano Reggiano 150 g,12.6 € / Kg,"1,49€","Formaggi, latte e uova",Formaggi
Sottilette Classiche 200 g,"11,45 € / Kg","2,29€","Formaggi, latte e uova",Formaggi
Sottilette Classiche formaggio fuso a fette - 400g,"9,73 € / Kg","3,89€","Formaggi, latte e uova",Formaggi
Sottilette Le Specialità Fila e Fondi con Mozzarella - formaggio fuso a fette - 200 g,"9,75 € / Kg","1,95€","Formaggi, latte e uova",Formaggi
Sottilette Light formaggio fuso a fette leggero -  200 g,"11,75 € / Kg","2,35€","Formaggi, latte e uova",Formaggi
Blu di Capra Dolce Sapori & Idee Conad,"23,90 € / Kg","2,39€","Formaggi, latte e uova",Formaggi
Gorgonzola DOP Dolce Conad,"12,95 € / Kg","12,95€","Formaggi, latte e uova",Formaggi
Grana Padano DOP 5 Snacks 100 g Conad,19.7 € / Kg,"1,79€","Formaggi, latte e uova",Formaggi
Grana Padano DOP bocconcini 300 g Conad,"18,30 € / Kg","5,49€","Formaggi, latte e uova",Formaggi
Grana Padano DOP Grattugiato 100 g Conad,"16,50 € / Kg","1,65€","Formaggi, latte e uova",Formaggi
Grana Padano DOP Grattugiato Fresco 60 g Sapori & Dintorni Conad,"20,83 € / Kg","1,25€","Formaggi, latte e uova",Formaggi
Grana Padano DOP Oltre 16 Mesi 250 g Conad,"19,80 € / Kg","4,95€","Formaggi, latte e uova",Formaggi
Grana Padano DOP Scaglie 150 g Conad,"19,27 € / Kg","2,89€","Formaggi, latte e uova",Formaggi
Grana Padano DOP Stagionatura Minima 16 Mesi Conad,"16,90 € / Kg","16,90€","Formaggi, latte e uova",Formaggi
Mix di Formaggi Grattugiati e confezionati freschi 100 g Conad,"11,90 € / Kg","1,19€","Formaggi, latte e uova",Formaggi
Mix grattugiato al pecorino 100g Conad,"19,50 € / Kg","1,95€","Formaggi, latte e uova",Formaggi
Parmigiano Reggiano DOP 100 g Conad,"18,50 € / Kg","1,85€","Formaggi, latte e uova",Formaggi
Parmigiano Reggiano DOP Grattugiato Fresco stagionatura minima 30 mesi 60 g Sapori & Dintorni Conad,"26,50 € / Kg","1,59€","Formaggi, latte e uova",Formaggi
Parmigiano Reggiano DOP Stagionatura Minima 24 mesi 250 g Conad,"23,80 € / Kg","5,95€","Formaggi, latte e uova",Formaggi
Parmigiano Reggiano DOP Stagionatura Minima 24 mesi CONAD,"19,90 € / Kg","19,90€","Formaggi, latte e uova",Formaggi
Parmigiano Reggiano Grattugiato Fresco Biologico 50 g Verso Natura Conad,"25,80 € / Kg","1,29€","Formaggi, latte e uova",Formaggi
Parmareggio Parmigiano Reggiano Grattugiato Fresco 60 g,29.7 € / Kg,"0,89€","Formaggi, latte e uova",Formaggi
Auricchio Pecorissimo Pecorino Romano D.O.P. 80 g,"28,12 € / Kg","2,25€","Formaggi, latte e uova",Formaggi
Biraghi Gran Biraghi Formaggio Stagionato Grattugiato Fresco 100 g,"18,90 € / Kg","1,89€","Formaggi, latte e uova",Formaggi
Biraghi La Nostra Ricetta al Pecorino Grattugiato Fresco 100 g,"22,90 € / Kg","2,29€","Formaggi, latte e uova",Formaggi
Ferrari GranMix Classico Grattugiato Fresco 100 g,"16,50 € / Kg","1,65€","Formaggi, latte e uova",Formaggi
Gran Soresina Grana Padano DOP Grattugiato 100 g,"19,90 € / Kg","1,99€","Formaggi, latte e uova",Formaggi
Parmareggio Parmigiano Reggiano DOP Oltre 30 Mesi 250 g,"29,00 € / Kg","7,25€","Formaggi, latte e uova",Formaggi
Parmareggio Petali di Parma DOP 100 g,"29,80 € / Kg","2,98€","Formaggi, latte e uova",Formaggi
Parmareggio Snack! 5 Barrette di Parmigiano Reggiano DOP 5 x 20 g,"23,50 € / Kg","2,35€","Formaggi, latte e uova",Formaggi
Mascarpone 250 g Alimentum Senza Lattosio Conad,"10,36 € / Kg","2,59€","Formaggi, latte e uova",Formaggi
Mascarpone g.  250 Conad,"9,56 € / Kg","2,39€","Formaggi, latte e uova",Formaggi
Mascarpone g.  500 Conad,"8,58 € / Kg","4,29€","Formaggi, latte e uova",Formaggi
Galbani Santa Lucia Mascarpone 500 g,12.4 € / Kg,"3,98€","Formaggi, latte e uova",Formaggi
Mozzarella di Bufala Campana DOP 200 g Sapori & Dintorni Conad,14.4 € / Kg,"2,39€","Formaggi, latte e uova",Formaggi
3 Mozzarelle con fermenti lattici vivi 3 x 125 g Conad,"7,17 € / Kg","2,69€","Formaggi, latte e uova",Formaggi
Bocconcini di Mozzarella con fermenti lattici vivi 200 g Conad,"11,25 € / Kg","2,25€","Formaggi, latte e uova",Formaggi
Mozzarella Biologica 100 g Verso Natura Bio Conad,"13,90 € / Kg","1,39€","Formaggi, latte e uova",Formaggi
Mozzarella con fermenti lattici vivi 125 g Conad,"7,92 € / Kg","0,99€","Formaggi, latte e uova",Formaggi
Mozzarella di Bufala Campana DOP 500 g Sapori & Dintorni Conad,"13,80 € / Kg","6,90€","Formaggi, latte e uova",Formaggi
Mozzarella di Bufala Campana DOP Bocconcini 270 g Sapori & Dintorni Conad,"14,78 € / Kg","3,99€","Formaggi, latte e uova",Formaggi
Mozzarella per cucinare 250 g Conad,"8,76 € / Kg","2,19€","Formaggi, latte e uova",Formaggi
Mozzarella per cucinare 400g Conad,"8,48 € / Kg","3,39€","Formaggi, latte e uova",Formaggi
Mozzarella senza lattosio g 125 Alimentum Conad,"11,12 € / Kg","1,39€","Formaggi, latte e uova",Formaggi
Perline di Mozzarella 120 g Conad,"12,42 € / Kg","1,49€","Formaggi, latte e uova",Formaggi
Piacersi Mozzarella Light 125 g Conad,"10,00 € / Kg","1,25€","Formaggi, latte e uova",Formaggi
Accadì Benessere Mozzarella Senza Lattosio 350 g,10.2 € / Kg,"3,29€","Formaggi, latte e uova",Formaggi
Galbani Santa Lucia Mozzarella per pizza 400 g,11.4 € / Kg,"3,19€","Formaggi, latte e uova",Formaggi
Granarolo Benessere Oggi Puoi Mozzarella 3 x 100 g,10.8 € / Kg,"2,49€","Formaggi, latte e uova",Formaggi
Delizia Campana Mozzarella di Bufala Campana DOP 100 g,"19,50 € / Kg","1,95€","Formaggi, latte e uova",Formaggi
Galbani Santa Lucia Bufalina ideale per pizza 250 g,"13,20 € / Kg","3,30€","Formaggi, latte e uova",Formaggi
Galbani Santa Lucia Ciliegie di Mozzarella 150 g,"14,60 € / Kg","2,19€","Formaggi, latte e uova",Formaggi
Galbani Santa Lucia Mozzarella 125 g,"7,07 € / Kg","1,59€","Formaggi, latte e uova",Formaggi
Galbani Santa Lucia Mozzarella 3 x 125 g,"12,67 € / Kg","4,75€","Formaggi, latte e uova",Formaggi
Galbani Santa Lucia Mozzarella Pizza Perfetta 150 g,"13,20 € / Kg","1,98€","Formaggi, latte e uova",Formaggi
Granarolo Mozzarella Fresca 3 x 100 g,"13,17 € / Kg","3,95€","Formaggi, latte e uova",Formaggi
Mandara Mozzarella di Latte di Bufala Zero Lattosio 200 g,"18,45 € / Kg","3,69€","Formaggi, latte e uova",Formaggi
Vallelata Fior di Latte Mozzarella 200 g,"11,95 € / Kg","2,39€","Formaggi, latte e uova",Formaggi
Vallelata Fior di Latte Mozzarella Fresca 125 g,"12,72 € / Kg","1,59€","Formaggi, latte e uova",Formaggi
Vallelata Mozzarella di Bufala Campana DOP 180 g,"18,33 € / Kg","3,30€","Formaggi, latte e uova",Formaggi
Burrata Pugliese 300 g Sapori & Dintorni Conad,15.4 € / Kg,"3,69€","Formaggi, latte e uova",Formaggi
Burratina Affumicata 100 g Sapori & Idee Conad,20.4 € / Kg,"1,59€","Formaggi, latte e uova",Formaggi
Burrata di Bufala 125 g Sapori & Dintorni Conad,"17,52 € / Kg","2,19€","Formaggi, latte e uova",Formaggi
Burrata Pugliese 2 x 100 g Sapori & Dintorni Conad,"17,75 € / Kg","3,55€","Formaggi, latte e uova",Formaggi
Burrata Pugliese 200 g Sapori & Dintorni Conad,"17,25 € / Kg","3,45€","Formaggi, latte e uova",Formaggi
Formaggio Dolce a Pasta Filata 270 g Conad,"9,81 € / Kg","2,65€","Formaggi, latte e uova",Formaggi
Stracciatella 250 g Conad,"14,76 € / Kg","3,69€","Formaggi, latte e uova",Formaggi
Treccione di Pasta Filata Affumicato Conad,"13,90 € / Kg","5,56€","Formaggi, latte e uova",Formaggi
Galbani Galbanino l'Originale formaggio dolce 270 g,13.6 € / Kg,"3,09€","Formaggi, latte e uova",Formaggi
Pecorino Sardo DOP Maturo Sapori & Dintorni Conad,23.8 € / Kg,"6,27€","Formaggi, latte e uova",Formaggi
Pecorino Romano DOP Nero Stagionato Sapori & Dintorni Conad,"27,50 € / Kg","27,50€","Formaggi, latte e uova",Formaggi
Pecorino Sardo DOP Dolce Sapori & Dintorni Conad,"21,50 € / Kg","21,50€","Formaggi, latte e uova",Formaggi
Giglio Sardo Pecorino Stagionato ARGIOLAS,"21,40 € / Kg","6,42€","Formaggi, latte e uova",Formaggi
Alimentum Senza Lattosio Ricottine 2 x 100 g Conad,"6,95 € / Kg","1,39€","Formaggi, latte e uova",Formaggi
Ricotta Biologica 200 g Verso Natura Conad,"7,75 € / Kg","1,55€","Formaggi, latte e uova",Formaggi
Ricotta Fresca 250 g. Conad,"3,80 € / Kg","0,95€","Formaggi, latte e uova",Formaggi
Ricottine 2 x 100 g Piacersi Conad,"6,45 € / Kg","1,29€","Formaggi, latte e uova",Formaggi
Ricottine Fresche 2x100 g. Conad,"5,45 € / Kg","1,09€","Formaggi, latte e uova",Formaggi
SAPORI & IDEE CONAD Ricotta di Capra 250 g,"13,96 € / Kg","3,49€","Formaggi, latte e uova",Formaggi
Galbani Santa Lucia Ricotta 250 g,5.5 € / Kg,"1,19€","Formaggi, latte e uova",Formaggi
Granarolo Cucina ad Arte Ricotta 250 g,"6,76 € / Kg","1,69€","Formaggi, latte e uova",Formaggi
Vallelata Ricottine Fresche 2 x 100 g,"7,95 € / Kg","1,59€","Formaggi, latte e uova",Formaggi
Valsoia Bontà e Salute lo Spalmabile Classico 125 g,"14,32 € / Kg","1,79€","Formaggi, latte e uova",Formaggi
FORM.CAPRABELLA ZANI 280g,"13,18 € / Kg","3,69€","Formaggi, latte e uova",Formaggi
FORM.SBIRRO BOTALLA,21.9 € / Kg,"8,76€","Formaggi, latte e uova",Formaggi
FORMAGGIO BASTARDO  DEL GRAPPA,13.9 € / Kg,"3,87€","Formaggi, latte e uova",Formaggi
ROSA CAMUNA VALCAMONICA CISSV,15.7 € / Kg,"6,45€","Formaggi, latte e uova",Formaggi
FORMAGGIO ANGELICO DEL GRAPPA,"13,95 € / Kg","13,95€","Formaggi, latte e uova",Formaggi
FORMAGGIO KAPRONE BOTALLA,"29,90 € / Kg","11,96€","Formaggi, latte e uova",Formaggi
FORMAGGIO VALTELLINA CASERA DOP,"15,80 € / Kg","4,74€","Formaggi, latte e uova",Formaggi
BRIE PRESIDENT,"14,90 € / Kg","14,90€","Formaggi, latte e uova",Formaggi
FORM.CREMOSISSIMO BERGADER 175g,"12,51 € / Kg","2,19€","Formaggi, latte e uova",Formaggi
FORMAGGIO LEERDAMMER Single 150g,"15,67 € / Kg","2,35€","Formaggi, latte e uova",Formaggi
MOZZARELLA DI SERIATE 200g,"2350,00 € / Kg","2,35€","Formaggi, latte e uova",Formaggi
BURRATA IN FOGLIA LATINI 300g,"21,50 € / Kg","6,45€","Formaggi, latte e uova",Formaggi
RICCOTTA LA TRADIZIONALE 240g,"8,12 € / Kg","1,95€","Formaggi, latte e uova",Formaggi
RICOTTA RICCOTTA VALCOLATTE 250g,"6,76 € / Kg","1,69€","Formaggi, latte e uova",Formaggi
Burro 12 porzioni 125 g Conad,"15,12 € / Kg","1,89€","Formaggi, latte e uova",Burro e margarina
Burro 125 g Conad,"12,72 € / Kg","1,59€","Formaggi, latte e uova",Burro e margarina
Burro Alpino 125 g Sapori & Dintorni Conad,"15,92 € / Kg","1,99€","Formaggi, latte e uova",Burro e margarina
Burro Biologico 125 g Verso Natura Bio Conad,"19,12 € / Kg","2,39€","Formaggi, latte e uova",Burro e margarina
Burro Panetto g 500 Conad,"9,98 € / Kg","4,99€","Formaggi, latte e uova",Burro e margarina
Burro Rotolo 250 g Conad,"11,56 € / Kg","2,89€","Formaggi, latte e uova",Burro e margarina
Burro Salato 125 g Sapori & Idee Conad,"15,92 € / Kg","1,99€","Formaggi, latte e uova",Burro e margarina
Burro senza lattosio 125g Alimentum Conad,"14,32 € / Kg","1,79€","Formaggi, latte e uova",Burro e margarina
Piacersi Burro 250 g Conad,"14,76 € / Kg","3,69€","Formaggi, latte e uova",Burro e margarina
Burro Formato Casalingo 250 g,"15,20 € / Kg","3,80€","Formaggi, latte e uova",Burro e margarina
Latteria Soresina Burro Soresina 250 g,"11,96 € / Kg","2,99€","Formaggi, latte e uova",Burro e margarina
Lurpak Burro Leggermente Salato 250 g,"13,96 € / Kg","3,49€","Formaggi, latte e uova",Burro e margarina
Parmareggio Burro 200 g,"13,45 € / Kg","2,69€","Formaggi, latte e uova",Burro e margarina
Prealpi Burro Chiarificato 250 g,"18,36 € / Kg","4,59€","Formaggi, latte e uova",Burro e margarina
Margarina 250 g Conad,"4,60 € / Kg","1,15€","Formaggi, latte e uova",Burro e margarina
Vallé Omega 3 250 g,"7,56 € / Kg","1,89€","Formaggi, latte e uova",Burro e margarina
Valle' Naturalmente 250 g,"6,60 € / Kg","1,65€","Formaggi, latte e uova",Burro e margarina
Casa Modena Strutto 250 g,"7,16 € / Kg","1,79€","Formaggi, latte e uova",Burro e margarina
BURRO ANTICA CREMERIA 250g,"13,16 € / Kg","3,29€","Formaggi, latte e uova",Burro e margarina
BURRO BEPPINO OCCELLI 125g,"27,92 € / Kg","3,49€","Formaggi, latte e uova",Burro e margarina
BURRO CONCAVERDE 250g,"11,96 € / Kg","2,99€","Formaggi, latte e uova",Burro e margarina
BURRO CONCAVERDE 500g,"10,78 € / Kg","5,39€","Formaggi, latte e uova",Burro e margarina
BURRO FIORE BAVARESE MEGGLE 250g,"14,76 € / Kg","3,69€","Formaggi, latte e uova",Burro e margarina
BURRO GRANAROLO 200g,"18,25 € / Kg","3,65€","Formaggi, latte e uova",Burro e margarina
Due bontà yogurt cremoso al cocco più palline al cioccolato 150 g Conad,"5,27 € / Kg","0,79€","Formaggi, latte e uova",Yogurt e probiotici
Due Bontà Yogurt Cremoso alla Vaniglia   Biscotto al Caffè e Gocce di Cioccolato 150 g Conad,"5,27 € / Kg","0,79€","Formaggi, latte e uova",Yogurt e probiotici
Due Bontà Yogurt Cremoso Bianco   Anelli al Cioccolato 150 g Conad,"5,27 € / Kg","0,79€","Formaggi, latte e uova",Yogurt e probiotici
Due Bontà Yogurt Cremoso Bianco   Nocciole e Cioccolato 150 g Conad,"5,27 € / Kg","0,79€","Formaggi, latte e uova",Yogurt e probiotici
Due bontà yogurt cremoso bianco più cereali al cioccolato 150 g Conad,"5,27 € / Kg","0,79€","Formaggi, latte e uova",Yogurt e probiotici
Due bontà yogurt cremoso bianco più stelline al cioccolato 150 g Conad,"5,27 € / Kg","0,79€","Formaggi, latte e uova",Yogurt e probiotici
Danone Yogoloso Yogurt alla Banana Super Mario 2 x 110 g,"7,68 € / Kg","1,69€","Formaggi, latte e uova",Yogurt e probiotici
Danone Yogoloso Yogurt alla Fragola Super Mario 2 x 110 g,"7,68 € / Kg","1,69€","Formaggi, latte e uova",Yogurt e probiotici
Mix Yogurt Bianco Più Anelli al Cioccolato 150g Müller,"8,33 € / Kg","1,25€","Formaggi, latte e uova",Yogurt e probiotici
Mix Yogurt Bianco Più Nocciole e Cioccolato 150g Müller,"8,33 € / Kg","1,25€","Formaggi, latte e uova",Yogurt e probiotici
Müller Mix l'Irresistibile Yogurt al Pistacchio Più Mandorle Croccanti 150 g,"8,33 € / Kg","1,25€","Formaggi, latte e uova",Yogurt e probiotici
Müller Mix Yogurt al Cocco Più Palline al Cioccolato 150 g,"8,33 € / Kg","1,25€","Formaggi, latte e uova",Yogurt e probiotici
Müller Mix Yogurt Bianco Più Fiocchi al Cioccolato 150 g,"8,33 € / Kg","1,25€","Formaggi, latte e uova",Yogurt e probiotici
Müller Mix Yogurt Bianco Più More e Lamponi 150 g,"8,33 € / Kg","1,25€","Formaggi, latte e uova",Yogurt e probiotici
Müller Mix Yogurt Gusto Vaniglia Più Mandorle 150 g,"8,33 € / Kg","1,25€","Formaggi, latte e uova",Yogurt e probiotici
Oh my Yomo! Yogurt alla Fragola Più Mandorle Caramellate 140 g,"7,07 € / Kg","0,99€","Formaggi, latte e uova",Yogurt e probiotici
Oh my Yomo! Yogurt Bianco Più Crema e Granella di Pistacchio 140 g,"7,07 € / Kg","0,99€","Formaggi, latte e uova",Yogurt e probiotici
Milk Yogurt da bere Fragola 500 g,"2,70 € / Kg","1,35€","Formaggi, latte e uova",Yogurt e probiotici
Milk Yogurt da bere Multifrutti 500 g,"2,70 € / Kg","1,35€","Formaggi, latte e uova",Yogurt e probiotici
Yomino 100% Naturale Banana 4x80g,"8,72 € / Kg","2,79€","Formaggi, latte e uova",Yogurt e probiotici
Yomino 100% Naturale Fragola 4 x 80 g,"8,72 € / Kg","2,79€","Formaggi, latte e uova",Yogurt e probiotici
CremaLatte Cioccolato 4 x 125 g Conad,"3,96 € / Kg","1,98€","Formaggi, latte e uova",Yogurt e probiotici
CremaLatte Crème Caramel 4 x 100 g Conad,"4,22 € / Kg","1,69€","Formaggi, latte e uova",Yogurt e probiotici
CremaLatte Vaniglia 4 x 125 g Conad,"3,96 € / Kg","1,98€","Formaggi, latte e uova",Yogurt e probiotici
Mousse al Cioccolato 2 x 90 g Conad,"11,94 € / Kg","2,15€","Formaggi, latte e uova",Yogurt e probiotici
Panna Cotta - al Caramello 2x120g Conad,"8,96 € / Kg","2,15€","Formaggi, latte e uova",Yogurt e probiotici
Cameo Muu Muu Go! la merenda ciocco-vaniglia 80 g,"11,88 € / Kg","0,95€","Formaggi, latte e uova",Yogurt e probiotici
Cameo Muu Muu Gusto Cioccolato 4 x 125 g,"6,98 € / Kg","3,49€","Formaggi, latte e uova",Yogurt e probiotici
Cameo Muu Muu Gusto Vaniglia 4 x 125 g,"6,98 € / Kg","3,49€","Formaggi, latte e uova",Yogurt e probiotici
Cameo Muu Muu mini Gusto Cioccolato 6 x 50 g,"8,63 € / Kg","2,59€","Formaggi, latte e uova",Yogurt e probiotici
Cameo Muu Muu mini Gusto Vaniglia 6 x 50 g,"8,63 € / Kg","2,59€","Formaggi, latte e uova",Yogurt e probiotici
Danette crema al cioccolato 4 x 125 g,"5,58 € / Kg","2,79€","Formaggi, latte e uova",Yogurt e probiotici
Danette crema gusto vaniglia 4 x 125 g,"5,58 € / Kg","2,79€","Formaggi, latte e uova",Yogurt e probiotici
PERUGINA Nuvole Mousse Cioccolato al latte 4 x 60 g,"8,12 € / Kg","1,95€","Formaggi, latte e uova",Yogurt e probiotici
PERUGINA Nuvole Mousse gusto Fiordilatte 4 x 60 g,"8,12 € / Kg","1,95€","Formaggi, latte e uova",Yogurt e probiotici
Valsoia Bontà e Salute il Budino Cacao 2 x 115 g,"5,17 € / Kg","1,19€","Formaggi, latte e uova",Yogurt e probiotici
Alimentum Senza Lattosio Bianco 2 x 125 g Conad,"3,96 € / Kg","0,99€","Formaggi, latte e uova",Yogurt e probiotici
Alimentum Senza Lattosio Fragola 2 x 125 g Conad,"3,96 € / Kg","0,99€","Formaggi, latte e uova",Yogurt e probiotici
Alimentum Senza Lattosio Pesca e Albicocca 2 x 125 g Conad,"3,96 € / Kg","0,99€","Formaggi, latte e uova",Yogurt e probiotici
Alimentum Senza Lattosio Vaniglia 2 x 125 g Conad,"3,96 € / Kg","0,99€","Formaggi, latte e uova",Yogurt e probiotici
Bianco 6 x 100 g Conad,"4,32 € / Kg","2,59€","Formaggi, latte e uova",Yogurt e probiotici
"Bianco Magro 0,1% di Grassi 2 x 125 g Piacersi Conad","3,96 € / Kg","0,99€","Formaggi, latte e uova",Yogurt e probiotici
Fragola 6 x 100 g Conad,"4,32 € / Kg","2,59€","Formaggi, latte e uova",Yogurt e probiotici
Kiwi e Cereali 2 x 125 g Piacersi Conad,"3,96 € / Kg","0,99€","Formaggi, latte e uova",Yogurt e probiotici
Mirtillo 2 x 125 g Piacersi Conad,"3,96 € / Kg","0,99€","Formaggi, latte e uova",Yogurt e probiotici
Piacersi Avena e Noci 2 x 125 g Conad,"3,96 € / Kg","0,99€","Formaggi, latte e uova",Yogurt e probiotici
Piacersi Multifrutti 6 x 100 g Conad,"4,32 € / Kg","2,59€","Formaggi, latte e uova",Yogurt e probiotici
Actimel agrumi 6 x 100 g,5.9 € / Kg,"2,49€","Formaggi, latte e uova",Yogurt e probiotici
Actimel bianco 0% grassi 6 x 100 g,5.9 € / Kg,"2,49€","Formaggi, latte e uova",Yogurt e probiotici
Actimel fragola 6 x 100 g,5.9 € / Kg,"2,49€","Formaggi, latte e uova",Yogurt e probiotici
Actimel frutti di bosco 6 x 100 g,5.9 € / Kg,"2,49€","Formaggi, latte e uova",Yogurt e probiotici
Actimel immuno  frutta mix 6 x 100 g,5.9 € / Kg,"2,49€","Formaggi, latte e uova",Yogurt e probiotici
Actimel melograno 6 x 100 g,5.9 € / Kg,"2,49€","Formaggi, latte e uova",Yogurt e probiotici
Actimel multifrutti 6 x 100 g,5.9 € / Kg,"2,49€","Formaggi, latte e uova",Yogurt e probiotici
Actimel agrumi 6 x 100 g,"6,25 € / Kg","3,75€","Formaggi, latte e uova",Yogurt e probiotici
Activia 0% Grassi 2 Fragola - 2 Frutti di bosco - 2 Pesca - 2 Ananas in pezzi 8 x 125 g,"4,89 € / Kg","4,89€","Formaggi, latte e uova",Yogurt e probiotici
Activia 0% Grassi 2 Fragola - 2 Frutti di bosco - 2 Pesca - 2 Ananas in pezzi 8 x 125 g,"4,89 € / Kg","4,89€","Formaggi, latte e uova",Yogurt e probiotici
Activia 0% Grassi Bianco cereali 4 x 125 g,"5,98 € / Kg","2,99€","Formaggi, latte e uova",Yogurt e probiotici
Activia Fibre 2 Bianco cereali - 2 Pera cereali - 2 Avena noci - 2 Kiwi cereali 8 x 125 g,"4,89 € / Kg","4,89€","Formaggi, latte e uova",Yogurt e probiotici
Activia Fibre 2 Bianco cereali - 2 Pera cereali - 2 Avena noci - 2 Kiwi cereali 8 x 125 g,"4,89 € / Kg","4,89€","Formaggi, latte e uova",Yogurt e probiotici
Activia Fibre Avena noci 4 x 125 g,"5,98 € / Kg","2,99€","Formaggi, latte e uova",Yogurt e probiotici
Activia Fibre Bianco cereali 4 x 125 g,"5,98 € / Kg","2,99€","Formaggi, latte e uova",Yogurt e probiotici
Activia Fibre Frutti di bosco e crusca 4 x 125 g,"5,98 € / Kg","2,99€","Formaggi, latte e uova",Yogurt e probiotici
Activia Fibre Kiwi cereali 4 x 125 g,"5,98 € / Kg","2,99€","Formaggi, latte e uova",Yogurt e probiotici
Activia Fibre Kiwi cereali 4 x 125 g,"5,98 € / Kg","2,99€","Formaggi, latte e uova",Yogurt e probiotici
Activia Fibre Pera cereali 4 x 125 g,"5,98 € / Kg","2,99€","Formaggi, latte e uova",Yogurt e probiotici
Activia Frutta 2 Mirtillo - 2 Fragola - 2 Ciliegia - 2 Albicocca in pezzi 8 x 125 g,"4,89 € / Kg","4,89€","Formaggi, latte e uova",Yogurt e probiotici
Activia Frutta Fragola in pezzi 4 x 125 g,"5,98 € / Kg","2,99€","Formaggi, latte e uova",Yogurt e probiotici
Activia Frutta Mirtillo in pezzi 4 x 125 g,"5,98 € / Kg","2,99€","Formaggi, latte e uova",Yogurt e probiotici
Activia Frutta Prugna in pezzi 4 x 125 g,"5,98 € / Kg","2,99€","Formaggi, latte e uova",Yogurt e probiotici
Activia Naturale 4 x 125 g,"5,98 € / Kg","2,99€","Formaggi, latte e uova",Yogurt e probiotici
Bella vita Banana 200 g,"4,75 € / Kg","0,95€","Formaggi, latte e uova",Yogurt e probiotici
Bella vita Carota e Arancia 200 g,"4,75 € / Kg","0,95€","Formaggi, latte e uova",Yogurt e probiotici
Bella vita Fragola 200 g,"4,75 € / Kg","0,95€","Formaggi, latte e uova",Yogurt e probiotici
Bella Vita Free Bianco 2 x 125 g,"4,76 € / Kg","1,19€","Formaggi, latte e uova",Yogurt e probiotici
Bella Vita Free Pesca e albicocca 2 x 125 g,"4,76 € / Kg","1,19€","Formaggi, latte e uova",Yogurt e probiotici
Bella Vita Free Vaniglia 2 x 125 g,"4,76 € / Kg","1,19€","Formaggi, latte e uova",Yogurt e probiotici
Bella vita Frutti di Bosco 200 g,"4,75 € / Kg","0,95€","Formaggi, latte e uova",Yogurt e probiotici
Danacol Bianco 8 x 100 g,"7,74 € / Kg","6,19€","Formaggi, latte e uova",Yogurt e probiotici
Danacol Fragola 4 x 100 g,"8,98 € / Kg","3,59€","Formaggi, latte e uova",Yogurt e probiotici
Danacol Frutti Rossi 4 x 100 g,"8,98 € / Kg","3,59€","Formaggi, latte e uova",Yogurt e probiotici
Fage BeFree Senza Lattosio Naturale 150 g,"11,27 € / Kg","1,69€","Formaggi, latte e uova",Yogurt e probiotici
HiPRO Drink Gusto Fragola Lampone 0% grassi con 25g di Proteine 300 g,"8,97 € / Kg","2,69€","Formaggi, latte e uova",Yogurt e probiotici
HiPRO Drink Gusto Vaniglia Cookie 0% grassi con 25g di Proteine 300 g,"8,97 € / Kg","2,69€","Formaggi, latte e uova",Yogurt e probiotici
HiPRO Spoon 15g Proteine Mirtillo 160 g,"9,94 € / Kg","1,59€","Formaggi, latte e uova",Yogurt e probiotici
Milk Kefir Bianco 150 g,"7,27 € / Kg","1,09€","Formaggi, latte e uova",Yogurt e probiotici
Milk Kefir Mirtillo nero 150 g,"7,27 € / Kg","1,09€","Formaggi, latte e uova",Yogurt e probiotici
Yakult Original 6 x 65 ml,"9,97 € / L","3,89€","Formaggi, latte e uova",Yogurt e probiotici
Yogurt Greco Autentico Bianco Intero 170g Conad,"8,18 € / Kg","1,39€","Formaggi, latte e uova",Yogurt e probiotici
Yogurt Greco Autentico Bianco Magro 0% Grassi 170 g Conad,"8,18 € / Kg","1,39€","Formaggi, latte e uova",Yogurt e probiotici
Yogurt Greco Autentico Bianco Magro 0% Grassi 500 g Conad,"5,98 € / Kg","2,99€","Formaggi, latte e uova",Yogurt e probiotici
Yogurt Greco Autentico Caffè 0% grassi 170g Conad,"8,18 € / Kg","1,39€","Formaggi, latte e uova",Yogurt e probiotici
Yogurt Greco Autentico Ciliegia con pezzi di frutta 0% Grassi 170 g Conad,"8,18 € / Kg","1,39€","Formaggi, latte e uova",Yogurt e probiotici
"Yogurt Greco Autentico Cocco 1,6% Grassi 170 g Conad","8,18 € / Kg","1,39€","Formaggi, latte e uova",Yogurt e probiotici
Yogurt Greco Autentico Fragola con pezzi di frutta 0% Grassi 170 g Conad,"8,18 € / Kg","1,39€","Formaggi, latte e uova",Yogurt e probiotici
Yogurt Greco Autentico Mirtillo con pezzi di frutta 0% Grassi 170 g Conad,"8,18 € / Kg","1,39€","Formaggi, latte e uova",Yogurt e probiotici
Yogurt Greco Autentico Pesca con pezzi di frutta 0% Grassi 170 g Conad,"8,18 € / Kg","1,39€","Formaggi, latte e uova",Yogurt e probiotici
Yogurt Greco Autentico Vaniglia 0% Grassi 170 g Conad,"8,18 € / Kg","1,39€","Formaggi, latte e uova",Yogurt e probiotici
Fage fruyo Caffè 0% Grassi 150 g,"10,60 € / Kg","1,59€","Formaggi, latte e uova",Yogurt e probiotici
"Fage fruyo Cocco 1,3% Grassi 150 g","10,60 € / Kg","1,59€","Formaggi, latte e uova",Yogurt e probiotici
Fage fruyo Fragola 0% Grassi 150 g,"10,60 € / Kg","1,59€","Formaggi, latte e uova",Yogurt e probiotici
Fage fruyo Frutti di Bosco 0% Grassi 150 g,"10,60 € / Kg","1,59€","Formaggi, latte e uova",Yogurt e probiotici
Fage fruyo Mirtilli 0% Grassi 150 g,"10,60 € / Kg","1,59€","Formaggi, latte e uova",Yogurt e probiotici
Fage fruyo Pesca 0% Grassi 150 g,"10,60 € / Kg","1,59€","Formaggi, latte e uova",Yogurt e probiotici
"Fage fruyo Stracciatella 1,8% Grassi 150 g","10,60 € / Kg","1,59€","Formaggi, latte e uova",Yogurt e probiotici
Fage fruyo Vaniglia 0% Grassi 150 g,"10,60 € / Kg","1,59€","Formaggi, latte e uova",Yogurt e probiotici
Fage Total 0% Grassi 150 g,"10,33 € / Kg","1,55€","Formaggi, latte e uova",Yogurt e probiotici
Fage Total 0% Grassi 450 g,"8,20 € / Kg","3,69€","Formaggi, latte e uova",Yogurt e probiotici
Fage Total 2% Grassi 150 g,"10,33 € / Kg","1,55€","Formaggi, latte e uova",Yogurt e probiotici
Fage Total 5% Grassi 150 g,"10,33 € / Kg","1,55€","Formaggi, latte e uova",Yogurt e probiotici
Fage Total 5% Grassi 450 g,"8,20 € / Kg","3,69€","Formaggi, latte e uova",Yogurt e probiotici
Fage TruBlend fragola 150 g,"10,60 € / Kg","1,59€","Formaggi, latte e uova",Yogurt e probiotici
Fage TruBlend mirtillo 150 g,"10,60 € / Kg","1,59€","Formaggi, latte e uova",Yogurt e probiotici
Mikonos Miele e noci di Pecan 160 g,"10,31 € / Kg","1,65€","Formaggi, latte e uova",Yogurt e probiotici
Dolce Yogurt intero 500 g i Cremosi Bianco Conad,"2,90 € / Kg","1,45€","Formaggi, latte e uova",Yogurt e probiotici
I Cremosi 2 Nocciola 2 Vaniglia 2 Caffè 2 Stracciatella 8 x 125 ml Conad,"2,85 € / Kg","2,85€","Formaggi, latte e uova",Yogurt e probiotici
I Cremosi Bianco Dolce Yogurt intero 2 x 125 g Conad,"3,16 € / Kg","0,79€","Formaggi, latte e uova",Yogurt e probiotici
I Cremosi Bianco Naturale Yogurt intero 500 g Conad,"2,90 € / Kg","1,45€","Formaggi, latte e uova",Yogurt e probiotici
I Cremosi Stracciatella Yogurt intero 2 x 125 g Conad,"3,16 € / Kg","0,79€","Formaggi, latte e uova",Yogurt e probiotici
I Cremosi Yogurt intero 2 Frutti di Bosco 2 Banana 2 Fragola 2 Pesca e Albicocca 8 x 125 g Conad,"2,85 € / Kg","2,85€","Formaggi, latte e uova",Yogurt e probiotici
I Cremosi Yogurt Intero 2 x 125 g Conad,"3,16 € / Kg","0,79€","Formaggi, latte e uova",Yogurt e probiotici
I Cremosi Yogurt intero con frutta in pezzi Banana 2 x 125 g Conad,"3,16 € / Kg","0,79€","Formaggi, latte e uova",Yogurt e probiotici
I Cremosi Yogurt intero con frutta in pezzi Ciliegia 2 x 125 g Conad,"3,16 € / Kg","0,79€","Formaggi, latte e uova",Yogurt e probiotici
I Cremosi Yogurt intero con frutta in pezzi Fragola 2 x 125 g Conad,"3,16 € / Kg","0,79€","Formaggi, latte e uova",Yogurt e probiotici
I Cremosi Yogurt intero con frutta in pezzi Frutti di Bosco 2 x 125 g Conad,"3,16 € / Kg","0,79€","Formaggi, latte e uova",Yogurt e probiotici
I Cremosi Yogurt intero con frutta in pezzi Pesca e Albicocca 2 x 125 g Conad,"3,16 € / Kg","0,79€","Formaggi, latte e uova",Yogurt e probiotici
I Cremosi Yogurt intero Nocciola 2 x 125 g Conad,"3,16 € / Kg","0,79€","Formaggi, latte e uova",Yogurt e probiotici
I Cremosi Yogurt intero Vaniglia 2 x 125 g Conad,"3,16 € / Kg","0,79€","Formaggi, latte e uova",Yogurt e probiotici
Yogurt Bianco Biologico Intero 500 g Verso Natura Bio Conad,"3,90 € / Kg","1,95€","Formaggi, latte e uova",Yogurt e probiotici
Yogurt cremoso - Banana - Biologico  2x125g Verso Natura Bio Conad,"4,76 € / Kg","1,19€","Formaggi, latte e uova",Yogurt e probiotici
Yogurt cremoso - Fragola - Biologico  2x125g Verso Natura Bio Conad,"4,76 € / Kg","1,19€","Formaggi, latte e uova",Yogurt e probiotici
Yogurt cremoso caffè g.  125 x  2 Conad,"3,16 € / Kg","0,79€","Formaggi, latte e uova",Yogurt e probiotici
Yogurt Cremoso Pera Biologico Intero 2 x 125 g Verso Natura Bio Conad,"4,76 € / Kg","1,19€","Formaggi, latte e uova",Yogurt e probiotici
Yogurt Vaniglia Biologico Intero 2 x 125 g Verso Natura Bio Conad,"4,76 € / Kg","1,19€","Formaggi, latte e uova",Yogurt e probiotici
Müller Yogurt Cremoso Caffè 2 x 125 g,6.2 € / Kg,"0,77€","Formaggi, latte e uova",Yogurt e probiotici
Müller Yogurt Cremoso Chantilly 2 x 125 g,6.2 € / Kg,"0,77€","Formaggi, latte e uova",Yogurt e probiotici
Müller Yogurt Cremoso Pesca & Albicocca in Pezzi 2 x 125 g,6.2 € / Kg,"0,77€","Formaggi, latte e uova",Yogurt e probiotici
Müller Yogurt Cremoso Vaniglia 2 x 125 g,6.2 € / Kg,"0,77€","Formaggi, latte e uova",Yogurt e probiotici
Yogurt Cremoso Ciliegia in Pezzi 2 x 125g Müller,6.2 € / Kg,"0,77€","Formaggi, latte e uova",Yogurt e probiotici
Yogurt Cremoso Stracciatella 2 x 125g Müller,6.2 € / Kg,"0,77€","Formaggi, latte e uova",Yogurt e probiotici
Bianco Crema di Yogurt 500 g Müller,"3,18 € / Kg","1,59€","Formaggi, latte e uova",Yogurt e probiotici
Centrale del Latte Milano Yogurt Intero Bianco 2 x 125 g,"4,20 € / Kg","1,05€","Formaggi, latte e uova",Yogurt e probiotici
Müller Bianco Crema di Yogurt 8 x 125 g,"3,75 € / Kg","3,75€","Formaggi, latte e uova",Yogurt e probiotici
Müller Bianco Seta con Cuore di Lamponi 2 x 125 g,"5,16 € / Kg","1,29€","Formaggi, latte e uova",Yogurt e probiotici
Müller Bianco Seta con Cuore di Pesca 2 x 125 g,"5,16 € / Kg","1,29€","Formaggi, latte e uova",Yogurt e probiotici
"Müller Yogurt Cremoso con Frutta Frullata Fragola, Banana, Albicocca, Pesca 8 x 125 g","4,99 € / Kg","4,99€","Formaggi, latte e uova",Yogurt e probiotici
"Müller Yogurt Cremoso con Frutta in Pezzi Pesca & Albicocca, Fragola, Ciliegia, Cocco 8 x 125 g","4,99 € / Kg","4,99€","Formaggi, latte e uova",Yogurt e probiotici
"Müller Yogurt Cremoso Nocciola, Vaniglia, Stracciatella, Pistacchio 8 x 125 g","4,99 € / Kg","4,99€","Formaggi, latte e uova",Yogurt e probiotici
Nestlé Mio Yogurt Cremoso Banana 2 x 125 g,"6,36 € / Kg","1,59€","Formaggi, latte e uova",Yogurt e probiotici
Sterzing Vipiteno bio yogurt da latte fieno bianco 150 g,"6,60 € / Kg","0,99€","Formaggi, latte e uova",Yogurt e probiotici
Sterzing Vipiteno bio yogurt da latte fieno caffè 150 g,"7,27 € / Kg","1,09€","Formaggi, latte e uova",Yogurt e probiotici
Sterzing Vipiteno bio yogurt da latte fieno fragola 150 g,"7,27 € / Kg","1,09€","Formaggi, latte e uova",Yogurt e probiotici
Sterzing Vipiteno bio yogurt da latte fieno mirtilli 150 g,"7,27 € / Kg","1,09€","Formaggi, latte e uova",Yogurt e probiotici
Sterzing Vipiteno bio yogurt da latte fieno vaniglia 150 g,"7,27 € / Kg","1,09€","Formaggi, latte e uova",Yogurt e probiotici
Sterzing Vipiteno Yogurt Caffè 2 x 125 g,"4,36 € / Kg","1,09€","Formaggi, latte e uova",Yogurt e probiotici
Sterzing Vipiteno Yogurt Cocco 2 x 125 g,"4,36 € / Kg","1,09€","Formaggi, latte e uova",Yogurt e probiotici
Sterzing Vipiteno Yogurt intero Albicocca 2 x 125 g,"4,36 € / Kg","1,09€","Formaggi, latte e uova",Yogurt e probiotici
Sterzing Vipiteno Yogurt intero Ananas 2 x 125 g,"4,36 € / Kg","1,09€","Formaggi, latte e uova",Yogurt e probiotici
Sterzing Vipiteno Yogurt Intero Bianco 2 x 125 g,"3,96 € / Kg","0,99€","Formaggi, latte e uova",Yogurt e probiotici
Sterzing Vipiteno Yogurt Intero Bianco 500 g,"3,30 € / Kg","1,65€","Formaggi, latte e uova",Yogurt e probiotici
Sterzing Vipiteno Yogurt intero Fragola 2 x 125 g,"4,36 € / Kg","1,09€","Formaggi, latte e uova",Yogurt e probiotici
"Sterzing Vipiteno Yogurt intero Frutta 2 Fragola, 2 Banana, 2 Frutti di Bosco, 2 Limone 8 x 125 g","3,89 € / Kg","3,89€","Formaggi, latte e uova",Yogurt e probiotici
Sterzing Vipiteno Yogurt intero Frutti di Bosco 2 x 125 g,"4,36 € / Kg","1,09€","Formaggi, latte e uova",Yogurt e probiotici
Sterzing Vipiteno Yogurt intero Frutti di Bosco 500 g,"3,38 € / Kg","1,69€","Formaggi, latte e uova",Yogurt e probiotici
Sterzing Vipiteno Yogurt intero Mango 2 x 125 g,"4,36 € / Kg","1,09€","Formaggi, latte e uova",Yogurt e probiotici
Sterzing Vipiteno Yogurt intero Mirtillo 500 g,"3,38 € / Kg","1,69€","Formaggi, latte e uova",Yogurt e probiotici
Sterzing Vipiteno Yogurt intero Stracciatella 500 g,"3,38 € / Kg","1,69€","Formaggi, latte e uova",Yogurt e probiotici
Sterzing Vipiteno Yogurt intero Vaniglia 500 g,"3,38 € / Kg","1,69€","Formaggi, latte e uova",Yogurt e probiotici
Sterzing Vipiteno Yogurt Limone 2 x 125 g,"4,36 € / Kg","1,09€","Formaggi, latte e uova",Yogurt e probiotici
Teddi biologico Pera 2 x 115 g,"9,09 € / Kg","2,09€","Formaggi, latte e uova",Yogurt e probiotici
Yomo Intero Agrumi di Sicilia 2 x 125 g,"5,56 € / Kg","1,39€","Formaggi, latte e uova",Yogurt e probiotici
Yomo Intero Biscotto ai 4 Cereali 2 x 125 g,"5,56 € / Kg","1,39€","Formaggi, latte e uova",Yogurt e probiotici
Yomo Intero Caffè 2 x 125 g,"5,56 € / Kg","1,39€","Formaggi, latte e uova",Yogurt e probiotici
Yomo Intero Fragole 2 x 125 g,"5,56 € / Kg","1,39€","Formaggi, latte e uova",Yogurt e probiotici
Yomo Intero Malto 2 x 125 g,"5,56 € / Kg","1,39€","Formaggi, latte e uova",Yogurt e probiotici
Yomo Intero Pistacchi 2 x 125 g,"5,56 € / Kg","1,39€","Formaggi, latte e uova",Yogurt e probiotici
Yomo Intero Stracciatella 2 x 125 g,"5,56 € / Kg","1,39€","Formaggi, latte e uova",Yogurt e probiotici
Yogurt magro bianco Conad Piacersi g 1000 Conad,2.7 € / Kg,"2,29€","Formaggi, latte e uova",Yogurt e probiotici
"0,1% di Grassi Ananas in pezzi 2 x 125 g Piacersi Conad","3,68 € / Kg","0,92€","Formaggi, latte e uova",Yogurt e probiotici
"0,1% di Grassi Frutta e Cereali in pezzi 2 x 125 g Conad","3,68 € / Kg","0,92€","Formaggi, latte e uova",Yogurt e probiotici
"0,1% di Grassi Frutti di Bosco in pezzi 2 x 125 g Piacersi Conad","3,68 € / Kg","0,92€","Formaggi, latte e uova",Yogurt e probiotici
"0,1% di Grassi Gusti Assortiti con frutta in pezzi 8 x 125 g Piacersi Conad","3,65 € / Kg","3,65€","Formaggi, latte e uova",Yogurt e probiotici
"0,1% di Grassi Pesca in pezzi 2 x 125 g Piacersi Conad","3,68 € / Kg","0,92€","Formaggi, latte e uova",Yogurt e probiotici
"Bianco Magro 0,1% di Grassi 500 g Piacersi Conad","2,90 € / Kg","1,45€","Formaggi, latte e uova",Yogurt e probiotici
"Piacersi 0,1% di Grassi Bianco Magro 2 x 125 g Conad","3,68 € / Kg","0,92€","Formaggi, latte e uova",Yogurt e probiotici
"Piacersi 0,1% di Grassi Caffè 2 x 125 g Conad","3,68 € / Kg","0,92€","Formaggi, latte e uova",Yogurt e probiotici
"Yogurt 0,1% di Grassi Fragola in pezzi 2 x 125 g Piacersi Conad","3,68 € / Kg","0,92€","Formaggi, latte e uova",Yogurt e probiotici
Yogurt Bianco magro Biologico g 500 Verso Natura Veg Conad,"3,90 € / Kg","1,95€","Formaggi, latte e uova",Yogurt e probiotici
Yogurt Cremoso Caffè Biologico Magro 2 x 125 g Verso Natura Bio Conad,"4,76 € / Kg","1,19€","Formaggi, latte e uova",Yogurt e probiotici
Yogurt Cremoso Mirtillo Biologico Magro 2 x 125 g Verso Natura Bio Conad,"4,76 € / Kg","1,19€","Formaggi, latte e uova",Yogurt e probiotici
Centrale del Latte Milano Yogurt Magro Bianco 2 x 125 g,"4,20 € / Kg","1,05€","Formaggi, latte e uova",Yogurt e probiotici
Müller Bianco Zero% Grassi 8 x 125 g,"3,75 € / Kg","3,75€","Formaggi, latte e uova",Yogurt e probiotici
Müller Yogurt Zero% Grassi Pistacchio 2 x 125 g,"5,16 € / Kg","1,29€","Formaggi, latte e uova",Yogurt e probiotici
Müller Yogurt Zero% Grassi Vaniglia Naturale 2 x 125 g,"5,16 € / Kg","1,29€","Formaggi, latte e uova",Yogurt e probiotici
"Sterzing Vipiteno 0,1% Grassi Yogurt Magro Bianco 2 x 125 g","3,96 € / Kg","0,99€","Formaggi, latte e uova",Yogurt e probiotici
Sterzing Vipiteno Fitline Yogurt Magro 8 x 125 g,"3,79 € / Kg","3,79€","Formaggi, latte e uova",Yogurt e probiotici
Sterzing Vipiteno Yogurt Magro Bianco 500 g,"3,30 € / Kg","1,65€","Formaggi, latte e uova",Yogurt e probiotici
Soia Frutta e Cereali 2 x 125 g Verso Natura Veg Conad,3.9 € / Kg,"0,69€","Formaggi, latte e uova",Yogurt e probiotici
Soia Mirtillo 2 x 125 g Verso Natura Veg Conad,3.9 € / Kg,"0,69€","Formaggi, latte e uova",Yogurt e probiotici
Alpro No Zuccheri Aggiunti* Ananas Frutto della Passione 135 g,"11,04 € / Kg","1,49€","Formaggi, latte e uova",Yogurt e probiotici
Alpro No Zuccheri Aggiunti* Frutti Rossi con Datteri 135 g,"11,04 € / Kg","1,49€","Formaggi, latte e uova",Yogurt e probiotici
Girau Yogurt di Capra Bianco 2 x 125 g,"9,40 € / Kg","2,35€","Formaggi, latte e uova",Yogurt e probiotici
Valsoia Bontà e Salute Yosoi Bianco Cremoso 2 x 125 g,"7,00 € / Kg","1,75€","Formaggi, latte e uova",Yogurt e probiotici
Valsoia Bontà e Salute Yosoi Mirtillo 2 x 125 g,"7,00 € / Kg","1,75€","Formaggi, latte e uova",Yogurt e probiotici
Valsoia Bontà e Salute Yosoi Pesca e Maracuja 2 x 125 g,"7,00 € / Kg","1,75€","Formaggi, latte e uova",Yogurt e probiotici
PANNA COTTA CARAMELLO BRANZI 150g,"13,67 € / Kg","2,05€","Formaggi, latte e uova",Yogurt e probiotici
PANNA COTTA LATT.BRANZI 150g,"13,67 € / Kg","2,05€","Formaggi, latte e uova",Yogurt e probiotici
Latte & Cacao 3 x 200 ml Conad,"2,75 € / L","1,65€","Formaggi, latte e uova",Latte
Milk Pro High Protein 35g Cacao 350 g,"6,54 € / Kg","2,29€","Formaggi, latte e uova",Latte
Milk Pro High Protein 35g Vaniglia 350 g,"6,54 € / Kg","2,29€","Formaggi, latte e uova",Latte
NESQUIK Pronto da Bere Bevanda a base di Latte e Cacao Solubile 3 brick da 180 ml,"3,66 € / Kg","2,10€","Formaggi, latte e uova",Latte
NESTLÉ IL LATTE CONDENSATO Latte concentrato zuccherato latta 397g,"7,81 € / Kg","3,10€","Formaggi, latte e uova",Latte
NESTLÉ IL LATTE CONDENSATO latte concentrato zuccherato tubo 170g,"8,53 € / Kg","1,45€","Formaggi, latte e uova",Latte
Milk Kefir Bianco Naturale 480 g,"2,90 € / Kg","1,39€","Formaggi, latte e uova",Latte
Milk Kefir Multifrutti 480 g,"3,10 € / Kg","1,49€","Formaggi, latte e uova",Latte
SVELTESSE I Love Kefir Bianco Naturale 500 g,"3,78 € / Kg","1,89€","Formaggi, latte e uova",Latte
SVELTESSE I Love Kefir Gusto Fragola 500 g,"3,60 € / Kg","1,80€","Formaggi, latte e uova",Latte
Latte fresco  Alta Qualità  l.  1 Conad,"1,45 € / L","1,45€","Formaggi, latte e uova",Latte
Latte Fresco Parzialmente Scremato Gusto Leggero 1 l Conad,"1,45 € / L","1,45€","Formaggi, latte e uova",Latte
Latte intero Biologico 1 l Verso Natura Bio Conad,"1,79 € / L","1,79€","Formaggi, latte e uova",Latte
Latte Intero Microfiltrato Pastorizzato Prodotto di Montagna 1 l Sapori & Dintorni Conad,"1,80 € / L","1,80€","Formaggi, latte e uova",Latte
Latte Parzialmente Scremato Biologico 1 l Verso Natura Bio Conad,"1,79 € / L","1,79€","Formaggi, latte e uova",Latte
Latte Parzialmente Scremato Microfiltrato Pastorizzato 1 l Alimentum Senza Lattosio Conad,"1,59 € / L","1,59€","Formaggi, latte e uova",Latte
Più Tempo Microfiltrato Pastorizzato Intero 1 l Conad,"1,25 € / L","1,25€","Formaggi, latte e uova",Latte
Più Tempo Microfiltrato Pastorizzato Parzialmente Scremato 1 l Conad,"1,25 € / L","1,25€","Formaggi, latte e uova",Latte
Accadì Benessere Senza Lattosio 1% di Grassi 1 L,"2,19 € / L","2,19€","Formaggi, latte e uova",Latte
Accadì Benessere Senza Lattosio 1% di Grassi 500 ml,"2,30 € / L","1,15€","Formaggi, latte e uova",Latte
Accadì Benessere Senza Lattosio Senza Grassi 500 ml,"2,30 € / L","1,15€","Formaggi, latte e uova",Latte
Centrale del Latte Milano Latte Fresco Alta Qualità 1 L,"1,90 € / L","1,90€","Formaggi, latte e uova",Latte
Centrale del Latte Milano Latte Fresco Alta Qualità 500 ml,"2,18 € / L","1,09€","Formaggi, latte e uova",Latte
Centrale del Latte Milano Latte Fresco Parzialmente Scremato 1 L,"1,90 € / L","1,90€","Formaggi, latte e uova",Latte
Centrale del Latte Milano Latte Fresco Parzialmente Scremato 500 ml,"2,18 € / L","1,09€","Formaggi, latte e uova",Latte
Granarolo Bio Latte Biologico Intero 1 L,"2,19 € / L","2,19€","Formaggi, latte e uova",Latte
Granarolo Bio Latte Biologico Parzialmente Scremato 1 L,"2,19 € / L","2,19€","Formaggi, latte e uova",Latte
Granarolo g  senza Lattosio Parzialmente Scremato 1 litro,"1,99 € / L","1,99€","Formaggi, latte e uova",Latte
Granarolo g  senza Lattosio Senza Grassi 1 litro,"1,99 € / L","1,99€","Formaggi, latte e uova",Latte
Granarolo Gusto di una volta Latte Intero 1 L,"1,95 € / L","1,95€","Formaggi, latte e uova",Latte
Granarolo Intero 1 L,"1,95 € / L","1,95€","Formaggi, latte e uova",Latte
Granarolo Latte Magro 0% 500 ml,"2,18 € / L","1,09€","Formaggi, latte e uova",Latte
"Granarolo Latte Più Giorni Intero 0,5 L","2,10 € / L","1,05€","Formaggi, latte e uova",Latte
Granarolo Latte Più Giorni Intero 1 L,"1,89 € / L","1,89€","Formaggi, latte e uova",Latte
"Granarolo Latte Più Giorni Parzialmente Scremato 0,5 L","2,10 € / L","1,05€","Formaggi, latte e uova",Latte
Granarolo Latte Più Giorni Parzialmente Scremato 1 L,"1,89 € / L","1,89€","Formaggi, latte e uova",Latte
Mila Latte Fieno dell'Alto Adige Intero 1000 ml,"1,89 € / L","1,89€","Formaggi, latte e uova",Latte
Bevanda a base di avena biologica l 1 Verso Natura Bio Conad,"2,39 € / L","2,39€","Formaggi, latte e uova",Latte
Bevanda a base di soia biologica 1 lt Verso Natura Bio Conad,"2,29 € / L","2,29€","Formaggi, latte e uova",Latte
Bevanda a base di soia con cacao 1 l Verso Natura Veg Conad,"2,29 € / L","2,29€","Formaggi, latte e uova",Latte
Bevanda a base di soia con calcio e vitamine 1 lt Verso Natura Veg Conad,"2,29 € / L","2,29€","Formaggi, latte e uova",Latte
Bevanda a base di soia con calcio e vitamine 500 ml Verso Natura Veg,"2,50 € / L","1,25€","Formaggi, latte e uova",Latte
Bevanda di riso Biologica 1 lt Verso Natura Bio Conad,"2,50 € / L","2,50€","Formaggi, latte e uova",Latte
Bevanda di Riso e Cocco Biologica 1 l Verso Natura Bio Conad,"2,50 € / L","2,50€","Formaggi, latte e uova",Latte
Latte di Capra Latte UHT Intero 1 l Conad,"3,29 € / L","3,29€","Formaggi, latte e uova",Latte
Latte di Capra Latte UHT Parzialmente Scremato 1 l Conad,"3,19 € / L","3,19€","Formaggi, latte e uova",Latte
Adez Cocco PET 800 ml,3.6 € / L,"1,99€","Formaggi, latte e uova",Latte
Adez Avena & Frutta Secca PET 800 ml,"3,74 € / L","2,99€","Formaggi, latte e uova",Latte
"Alpro Barista Bevanda alla Soia 100% vegetale, ideale con il caffè  1 Litro","3,09 € / L","3,09€","Formaggi, latte e uova",Latte
"Alpro Barista Bevanda alla Soia 100% vegetale, ideale con il caffè  1 Litro","2,99 € / L","2,99€","Formaggi, latte e uova",Latte
"Alpro Classico, Bevanda all'Avena, 100% Vegetale con Vitamine B2, B12 e D 1 Litro","2,99 € / L","2,99€","Formaggi, latte e uova",Latte
"Alpro Senza Zuccheri, Bevanda all'Avena, 100% vegetale con vitamine B2, B12 e D 1 Litro","2,99 € / L","2,99€","Formaggi, latte e uova",Latte
"Alpro Senza Zuccheri, Bevanda alla Soia 100% vegetale con vitamine B2, B12 e D 1 Litro","2,89 € / L","2,89€","Formaggi, latte e uova",Latte
"Alpro Senza Zuccheri, Bevanda alla Soia 100% vegetale con vitamine B2, B12 e D 1 Litro","2,69 € / L","2,69€","Formaggi, latte e uova",Latte
Granarolo 100% Vegetale Riso Italiano Senza Zuccheri Aggiunti* 1000 ml,"2,39 € / L","2,39€","Formaggi, latte e uova",Latte
Matt la scelta vegetale Avenciok bio 1 L,"2,69 € / L","2,69€","Formaggi, latte e uova",Latte
OraSì Riso Senza Zuccheri Aggiunti* 1 L,"2,29 € / L","2,29€","Formaggi, latte e uova",Latte
Valsoia Bontà e Salute Avena 1000 ml,"2,69 € / L","2,69€","Formaggi, latte e uova",Latte
Valsoia Bontà e Salute Soya Classico 1000 ml,"2,20 € / L","2,20€","Formaggi, latte e uova",Latte
Valsoia Bontà e Salute Soya Light* 1000 ml,"2,20 € / L","2,20€","Formaggi, latte e uova",Latte
Valsoia Bontà e Salute Soya Morbido 1000 ml,"2,20 € / L","2,20€","Formaggi, latte e uova",Latte
Alimentum Senza Lattosio Latte Scremato UHT 1 l Conad,"1,49 € / L","1,49€","Formaggi, latte e uova",Latte
Latte Parzialmente Scremato Biologico 1 l Verso Natura Conad,"1,75 € / L","1,75€","Formaggi, latte e uova",Latte
Latte Parzialmente Scremato UHT 3 x 250 ml Alimentum Senza Lattosio Conad,"2,25 € / L","1,69€","Formaggi, latte e uova",Latte
Latte Parzialmente Scremato UHT 500 ml Alimentum Senza Lattosio Conad,"1,70 € / L","0,85€","Formaggi, latte e uova",Latte
Latte Scremato 1 l Piacersi Conad,"1,09 € / L","1,09€","Formaggi, latte e uova",Latte
Latte Senza Lattosio Parzialmente Scremato UHT 1 l Alimentum Conad,"1,49 € / L","1,49€","Formaggi, latte e uova",Latte
Latte UHT Intero 500 ml Conad,"1,30 € / L","0,65€","Formaggi, latte e uova",Latte
Latte UHT Intero Buono e Gustoso 1 l Conad,"1,09 € / L","1,09€","Formaggi, latte e uova",Latte
Latte UHT Microfiltrato Parzialmente Scremato Più gusto 3 x 250 ml Conad,"1,93 € / L","1,45€","Formaggi, latte e uova",Latte
Latte UHT Parzialmente scremato 500 ml Conad,"1,18 € / L","0,59€","Formaggi, latte e uova",Latte
Latte UHT Parzialmente Scremato Buono dal Gusto Leggero 1 l Conad,"0,99 € / L","0,99€","Formaggi, latte e uova",Latte
Piacersi Latte scremato 500 ml Conad,"1,38 € / L","0,69€","Formaggi, latte e uova",Latte
Più Gusto Latte UHT Microfiltrato Parzialmente scremato 1 l Conad,"1,29 € / L","1,29€","Formaggi, latte e uova",Latte
Accadì Benessere Senza Lattosio Senza Grassi 1 L,"2,09 € / L","2,09€","Formaggi, latte e uova",Latte
Accadì Senza Lattosio* 1% di Grassi 1000 ml,"2,09 € / L","2,09€","Formaggi, latte e uova",Latte
Arborea Latte Parzialmente Scremato UHT a lunga conservazione 1000 ml,1.4 € / L,"0,89€","Formaggi, latte e uova",Latte
Centrale del Latte Milano latte intero Uht a Lunga Conservazione 1 l,"1,65 € / L","1,65€","Formaggi, latte e uova",Latte
Centrale del Latte Milano latte parzialmente scremato Uht a Lunga Conservazione 1 l,"1,55 € / L","1,55€","Formaggi, latte e uova",Latte
Centrale del Latte Milano Latte UHT Intero 500 ml,"2,10 € / L","1,05€","Formaggi, latte e uova",Latte
Centrale del Latte Milano Latte UHT Parzialmente Scremato 500 ml,"1,90 € / L","0,95€","Formaggi, latte e uova",Latte
Granarolo g  senza Lattosio Parzialmente Scremato 1 litro,"1,80 € / L","1,80€","Formaggi, latte e uova",Latte
Granarolo g  senza Lattosio Senza Grassi 1 litro,"1,80 € / L","1,80€","Formaggi, latte e uova",Latte
Granarolo Latte Intero UHT a Lunga Conservazione 1 L,"1,80 € / L","1,80€","Formaggi, latte e uova",Latte
Granarolo Latte Piacere Leggero UHT a Lunga Conservazione 1 L,"1,75 € / L","1,75€","Formaggi, latte e uova",Latte
Granarolo Parzialmente Scremato UHT a Lunga Conservazione 1 litro,"1,69 € / L","1,69€","Formaggi, latte e uova",Latte
Granarolo Parzialmente Scremato UHT a Lunga Conservazione 500 ml,"1,70 € / L","0,85€","Formaggi, latte e uova",Latte
Parmalat Bontà e Gusto con Vitamina D 100% Latte d'Italia Latte Intero 1000 ml,"1,59 € / L","1,59€","Formaggi, latte e uova",Latte
Parmalat Bontà e Linea con Vitamina D Latte Parzialmente Scremato 1000 ml,"1,55 € / L","1,55€","Formaggi, latte e uova",Latte
Parmalat Bontà e Linea con Vitamina D Latte Parzialmente Scremato 500 ml,"2,10 € / L","1,05€","Formaggi, latte e uova",Latte
Parmalat Bontà e Linea Latte Parzialmente Scremato 100% Latte d'Italia 1000 ml,"1,79 € / L","1,79€","Formaggi, latte e uova",Latte
Parmalat Bontà e Linea Latte Parzialmente Scremato 100% Latte d'Italia 250 ml,"3,48 € / L","0,87€","Formaggi, latte e uova",Latte
Polenghi Lombardo Latte UHT a lunga conservazione Parzialmente Scremato 1000 ml,"1,50 € / L","1,50€","Formaggi, latte e uova",Latte
Sterilgarda Latte parzialmente scremato microfiltrato UHT a lunga conservazione 1000 ml,"1,35 € / L","1,35€","Formaggi, latte e uova",Latte
"Zymil Alta Digeribilità Senza Lattosio Benefit Calcio e vitamine D, K* 1000 ml","2,09 € / L","2,09€","Formaggi, latte e uova",Latte
Zymil Alta Digeribilità Senza Lattosio Benefit Fibre 1000 ml,"2,09 € / L","2,09€","Formaggi, latte e uova",Latte
Zymil Alta Digeribilità Senza Lattosio Bio Buono Digeribile 1000 ml,"1,95 € / L","1,95€","Formaggi, latte e uova",Latte
Zymil Alta Digeribilità Senza lattosio Buono Digeribile 1000 ml,"1,99 € / L","1,99€","Formaggi, latte e uova",Latte
Zymil Alta Digeribilità Senza lattosio Buono Digeribile 250 ml,"3,56 € / L","0,89€","Formaggi, latte e uova",Latte
Zymil Alta Digeribilità Senza lattosio Buono Digeribile 500 ml,"2,50 € / L","1,25€","Formaggi, latte e uova",Latte
Zymil Alta Digeribilità Senza lattosio Gusto Digeribile 1000 ml,"1,99 € / L","1,99€","Formaggi, latte e uova",Latte
Zymil Alta Digeribilità Senza lattosio Magro Digeribile 1000 ml,"1,99 € / L","1,99€","Formaggi, latte e uova",Latte
Zymil Alta Digeribilità Senza lattosio Magro Digeribile 250 ml,"3,56 € / L","0,89€","Formaggi, latte e uova",Latte
Zymil Senza Lattosio Latte e Caffè con Caffè della Tanzania altromercato 250 ml,"5,16 € / L","1,29€","Formaggi, latte e uova",Latte
Zymil Senza Lattosio Latte e Cioccolato con Cacao dell'Ecuador altromercato 250 ml,"5,16 € / L","1,29€","Formaggi, latte e uova",Latte
BEVANDA AVENA BIO S/G SARCHIO 1l,"2,89 € / L","2,89€","Formaggi, latte e uova",Latte
BEVANDA MANDORLA BIO SARCHIO 1l,"3,39 € / L","3,39€","Formaggi, latte e uova",Latte
BEVANDA RISO UHT GRANAROLO3x200ml,"4,82 € / L","2,89€","Formaggi, latte e uova",Latte
LATTE DI MANDORLA CONDORELLI 1l,"2,99 € / L","2,99€","Formaggi, latte e uova",Latte
LATTE UHT PS C.BRESCIA BOT.1l,"1,79 € / L","1,79€","Formaggi, latte e uova",Latte
Besciamella per Cucinare 200 ml Conad,"5,95 € / L","1,19€","Formaggi, latte e uova",Panna e besciamella
Besciamella per Cucinare 500 ml Conad,"4,18 € / L","2,09€","Formaggi, latte e uova",Panna e besciamella
Besciamella pronta all'uso 500 ml Alimentum Senza Lattosio Conad,"4,38 € / L","2,19€","Formaggi, latte e uova",Panna e besciamella
Chef Besciamella 200 ml,"6,95 € / L","1,39€","Formaggi, latte e uova",Panna e besciamella
Chef Besciamella 500 ml,"4,78 € / L","2,39€","Formaggi, latte e uova",Panna e besciamella
Chef Besciamella Leggera 500 ml,"4,78 € / L","2,39€","Formaggi, latte e uova",Panna e besciamella
Panna 250 ml Conad,"7,96 € / L","1,99€","Formaggi, latte e uova",Panna e besciamella
Panna 500 ml Conad,"6,38 € / L","3,19€","Formaggi, latte e uova",Panna e besciamella
Panna Fresca 250 ml Alimentum Senza Lattosio Conad,"7,80 € / L","1,95€","Formaggi, latte e uova",Panna e besciamella
Dolce Decoro 500 ml Conad,"3,78 € / L","1,89€","Formaggi, latte e uova",Panna e besciamella
Dolce Decoro Panna Montata già Zuccherata 240 ml Conad,"9,96 € / L","2,49€","Formaggi, latte e uova",Panna e besciamella
Panna per Cucinare 200 ml Conad,"4,45 € / L","0,89€","Formaggi, latte e uova",Panna e besciamella
Panna per Cucinare 3 x 125 ml Conad,"6,00 € / L","2,25€","Formaggi, latte e uova",Panna e besciamella
Panna UHT senza lattosio  3 x 100ml Conad,"6,63 € / L","1,99€","Formaggi, latte e uova",Panna e besciamella
Accadì Benessere Panna da Cucina Senza Lattosio* 3 x 100 ml,"9,30 € / L","2,79€","Formaggi, latte e uova",Panna e besciamella
Bayernland crème fraîche panna acida 200 g,"7,45 € / Kg","1,49€","Formaggi, latte e uova",Panna e besciamella
Bayernland panna per caffè UHT 10 x 10 g,"8,90 € / Kg","0,89€","Formaggi, latte e uova",Panna e besciamella
Chef Leggera 3 x 125 ml,"7,97 € / L","2,99€","Formaggi, latte e uova",Panna e besciamella
Chef Panna 200 ml,"8,75 € / L","1,75€","Formaggi, latte e uova",Panna e besciamella
Chef Panna 3 x 125 ml,"7,44 € / L","2,79€","Formaggi, latte e uova",Panna e besciamella
Chef Panna 65 ml,"15,23 € / L","0,99€","Formaggi, latte e uova",Panna e besciamella
Chef Panna ai Funghi 2 x 125 ml,"9,56 € / L","2,39€","Formaggi, latte e uova",Panna e besciamella
Chef Panna al Salmone 2 x 125 ml,"9,56 € / L","2,39€","Formaggi, latte e uova",Panna e besciamella
Chef Panna Senza Lattosio 3 x 125 ml,"8,40 € / L","3,15€","Formaggi, latte e uova",Panna e besciamella
Gran Cucina per Cucinare 200 g,"4,75 € / Kg","0,95€","Formaggi, latte e uova",Panna e besciamella
Granarolo Cucina ad Arte Panna 200 ml,"7,95 € / L","1,59€","Formaggi, latte e uova",Panna e besciamella
Granarolo Cucina ad Arte Panna 3 x 100 ml,"8,83 € / L","2,65€","Formaggi, latte e uova",Panna e besciamella
Hoplà da Montare già zuccherata 500 ml,"4,50 € / L","2,25€","Formaggi, latte e uova",Panna e besciamella
OraSì 100% Vegetale per Cucina 200 ml,"4,95 € / L","0,99€","Formaggi, latte e uova",Panna e besciamella
Spray Pan la Panna 200 g,"13,75 € / Kg","2,75€","Formaggi, latte e uova",Panna e besciamella
4 Uova Fresche da Galline Allevate all'Aperto 230 g Percorso Qualità Conad,"7,17 € / Kg","1,65€","Formaggi, latte e uova",Uova
6 Uova fresche Biologiche Verso Natura Bio Conad,"8,67 € / Kg","2,99€","Formaggi, latte e uova",Uova
6 Uova Fresche da Galline Allevate a Terra Grandi Percorso Qualità Conad,"4,59 € / Kg","1,75€","Formaggi, latte e uova",Uova
6 Uova Fresche da Galline Allevate a Terra Grandissime Percorso Qualità Conad,"4,97 € / Kg","2,19€","Formaggi, latte e uova",Uova
6 Uova Fresche da Galline Allevate a Terra Medie Percorso Qualità Conad,"4,17 € / Kg","1,59€","Formaggi, latte e uova",Uova
6 Uova Fresche da Galline Allevate a Terra senza uso di antibiotici Percorso Qualità Conad,"6,82 € / Kg","2,25€","Formaggi, latte e uova",Uova
Uova medie x 10 da allevamento a terra Conad,"4,43 € / Kg","2,35€","Formaggi, latte e uova",Uova
Le Naturelle 10 Uova Grandi da Allevamento a Terra,0.3 € / conf,"1,99€","Formaggi, latte e uova",Uova
Almaverde bio 4 uova fresche 230 g,"0,51 € / conf","2,05€","Formaggi, latte e uova",Uova
Le Naturelle 4 Uova Fresche da Allevamento a Terra 220 g,"0,41 € / conf","1,65€","Formaggi, latte e uova",Uova
Le Naturelle A terra 2 Uova grandissime fresche da allevamento a terra,"0,50 € / conf","0,99€","Formaggi, latte e uova",Uova
Le Naturelle Albume d'Uovo Biologico Pastorizzato 250 g,"7,16 € / Kg","1,79€","Formaggi, latte e uova",Uova
Le Naturelle Albume d'Uovo Pastorizzato 500 g,"6,30 € / Kg","3,15€","Formaggi, latte e uova",Uova
Le Naturelle Sfoglia Gialla 6 Uova Fresche da Allevamento a Terra Grandi,"0,40 € / conf","2,39€","Formaggi, latte e uova",Uova
6 UOVA ALL.TERRA MAXOVO 300g,"7,30 € / Kg","2,19€","Formaggi, latte e uova",Uova
Lievito Fresco 2 x 25 g Conad,"7,80 € / Kg","0,39€",Preparazioni dolci e salate,Lieviti freschi
Riccionepiadina Piadina Senza Glutine 2 x 125 g,21.8 € / Kg,"3,59€",Preparazioni dolci e salate,"Basi, preparati e ingredienti"
Buitoni Sfoglia Rotonda senza glutine 280g,"12,46 € / Kg","3,49€",Preparazioni dolci e salate,"Basi, preparati e ingredienti"
Mulino Bianco Pinsa Stesa a Mano con Lievito Madre 230g,"13,00 € / Kg","2,99€",Preparazioni dolci e salate,"Basi, preparati e ingredienti"
Pasta Brisée 230 g Conad,"5,00 € / Kg","1,15€",Preparazioni dolci e salate,"Basi, preparati e ingredienti"
Buitoni Frolla Sottile fresca rotonda rotolo 230g,"8,48 € / Kg","1,95€",Preparazioni dolci e salate,"Basi, preparati e ingredienti"
Pasta Sfoglia Rettangolare 230 g Conad,"5,00 € / Kg","1,15€",Preparazioni dolci e salate,"Basi, preparati e ingredienti"
Pasta Sfoglia Rotonda 230 g Conad,"5,00 € / Kg","1,15€",Preparazioni dolci e salate,"Basi, preparati e ingredienti"
BUITONI la Sfoglia Integrale Pasta Sfoglia Fresca con Farina Integrale Rotonda Rotolo 230 g,9.4 € / Kg,"1,69€",Preparazioni dolci e salate,"Basi, preparati e ingredienti"
BUITONI la Sfoglia Rettangolare Pasta Sfoglia Fresca Rettangolare Rotolo 230 g,"9,35 € / Kg","2,15€",Preparazioni dolci e salate,"Basi, preparati e ingredienti"
Buitoni Sfoglia Rotonda pasta sfoglia fresca rotonda rotolo 230g,"8,48 € / Kg","1,95€",Preparazioni dolci e salate,"Basi, preparati e ingredienti"
Amido di Frumento 250 g Conad,"3,04 € / Kg","0,76€",Preparazioni dolci e salate,"Basi, preparati e ingredienti"
Amido di Mais 250 g Conad,"3,04 € / Kg","0,76€",Preparazioni dolci e salate,"Basi, preparati e ingredienti"
Cacao amaro in polvere Equo g 75 Verso Natura Equo Conad,"15,87 € / Kg","1,19€",Preparazioni dolci e salate,"Basi, preparati e ingredienti"
Cacao in Polvere Amaro 75 g Conad,"11,73 € / Kg","0,88€",Preparazioni dolci e salate,"Basi, preparati e ingredienti"
Cacao in polvere amaro g. 250 Conad,"11,16 € / Kg","2,79€",Preparazioni dolci e salate,"Basi, preparati e ingredienti"
Cacao in Polvere Zuccherato 250 g Conad,"7,92 € / Kg","1,98€",Preparazioni dolci e salate,"Basi, preparati e ingredienti"
Cacao in Polvere Zuccherato 75 g Conad,"10,00 € / Kg","0,75€",Preparazioni dolci e salate,"Basi, preparati e ingredienti"
Cedro Candito 70 g Conad,"21,29 € / Kg","1,49€",Preparazioni dolci e salate,"Basi, preparati e ingredienti"
Ciliegie Rosse Candite 70 g Conad,"21,29 € / Kg","1,49€",Preparazioni dolci e salate,"Basi, preparati e ingredienti"
Fecola di patate 250 g Conad,"3,04 € / Kg","0,76€",Preparazioni dolci e salate,"Basi, preparati e ingredienti"
Gelatina in fogli 12 g Conad,"83,33 € / Kg","1,00€",Preparazioni dolci e salate,"Basi, preparati e ingredienti"
Gocce di Cioccolato Extra Fondente 200 g Conad,"9,95 € / Kg","1,99€",Preparazioni dolci e salate,"Basi, preparati e ingredienti"
Granella di Nocciole 50 g Conad,"29,80 € / Kg","1,49€",Preparazioni dolci e salate,"Basi, preparati e ingredienti"
Granella di Pistacchi 15 g Conad,"66,00 € / Kg","0,99€",Preparazioni dolci e salate,"Basi, preparati e ingredienti"
Lievito di birra lievito naturale secco attivo 3 x 10 g Conad,"19,67 € / Kg","0,59€",Preparazioni dolci e salate,"Basi, preparati e ingredienti"
Macedonia candita 70g Conad,"21,29 € / Kg","1,49€",Preparazioni dolci e salate,"Basi, preparati e ingredienti"
Mandorle Affettate 50 g Conad,"25,80 € / Kg","1,29€",Preparazioni dolci e salate,"Basi, preparati e ingredienti"
Pan di Spagna 400 g Conad,"7,12 € / Kg","2,85€",Preparazioni dolci e salate,"Basi, preparati e ingredienti"
Pasta Sfoglia 300 g Conad,"5,97 € / Kg","1,79€",Preparazioni dolci e salate,"Basi, preparati e ingredienti"
Polvere lievitante vaniglinata 3 x 16 g Conad,"14,58 € / Kg","0,70€",Preparazioni dolci e salate,"Basi, preparati e ingredienti"
Vaniglia in Bacca Conad,"4,29 € / conf","4,29€",Preparazioni dolci e salate,"Basi, preparati e ingredienti"
"Vanillina aroma per dolci 5 x 0,4 g Conad","240,00 € / Kg","0,48€",Preparazioni dolci e salate,"Basi, preparati e ingredienti"
Zucchero a Velo 125 g Conad,"6,00 € / Kg","0,75€",Preparazioni dolci e salate,"Basi, preparati e ingredienti"
Zucchero a Velo Vaniglinato 125 g Conad,"6,00 € / Kg","0,75€",Preparazioni dolci e salate,"Basi, preparati e ingredienti"
9 torte Cameo 373 g,"5,50 € / Kg","2,05€",Preparazioni dolci e salate,"Basi, preparati e ingredienti"
Bertolini Lievito Pizze e Torte Salate 4 x 16 g,"21,72 € / Kg","1,39€",Preparazioni dolci e salate,"Basi, preparati e ingredienti"
Bertolini Lievito Vaniglinato 4 x 16 g,"21,72 € / Kg","1,39€",Preparazioni dolci e salate,"Basi, preparati e ingredienti"
Cabrioni Bignè da riempire 200 g,"11,25 € / Kg","2,25€",Preparazioni dolci e salate,"Basi, preparati e ingredienti"
Cabrioni Bignoline da riempire 100 g,"11,90 € / Kg","1,19€",Preparazioni dolci e salate,"Basi, preparati e ingredienti"
Cameo Fruttapec 2:1 Gusto Equilibrato 3 x 25 g,"27,33 € / Kg","2,05€",Preparazioni dolci e salate,"Basi, preparati e ingredienti"
Cameo Fruttapec 3:1 Gusto Intenso 2 x 25 g,"41,00 € / Kg","2,05€",Preparazioni dolci e salate,"Basi, preparati e ingredienti"
Cameo le Irresistibili Cheesecake 280 g,"12,46 € / Kg","3,49€",Preparazioni dolci e salate,"Basi, preparati e ingredienti"
Cameo le Irresistibili Torta al Limone 295 g,"11,83 € / Kg","3,49€",Preparazioni dolci e salate,"Basi, preparati e ingredienti"
Cameo le Irresistibili Torta allo Yogurt 270 g,"12,93 € / Kg","3,49€",Preparazioni dolci e salate,"Basi, preparati e ingredienti"
Cameo le Soffici Cioccolato 600 g,"8,98 € / Kg","5,39€",Preparazioni dolci e salate,"Basi, preparati e ingredienti"
Cameo le Soffici Margherita 600 g,"8,98 € / Kg","5,39€",Preparazioni dolci e salate,"Basi, preparati e ingredienti"
Cameo Preparato per Budino cremoso al Pistacchio 2 x 61 g,"12,70 € / Kg","1,55€",Preparazioni dolci e salate,"Basi, preparati e ingredienti"
Cameo Preparato per Budino cremoso gusto Vaniglia 2 x 65 g,"11,92 € / Kg","1,55€",Preparazioni dolci e salate,"Basi, preparati e ingredienti"
Cameo Preparato per Budino da zuccherare gusto Cioccolato 2 x 48 g,"13,02 € / Kg","1,25€",Preparazioni dolci e salate,"Basi, preparati e ingredienti"
Cameo Preparato per Budino da zuccherare gusto Vaniglia 2 x 35 g,"17,86 € / Kg","1,25€",Preparazioni dolci e salate,"Basi, preparati e ingredienti"
Cameo Preparato per Crema Catalana 2 buste 90 g,"13,22 € / Kg","1,19€",Preparazioni dolci e salate,"Basi, preparati e ingredienti"
Cameo Preparato per cuor di Ciobar 233 g,"14,55 € / Kg","3,39€",Preparazioni dolci e salate,"Basi, preparati e ingredienti"
Cameo Preparato per Dessert Budino cremoso gusto Cioccolato Fondente 2 x 88 g,"8,81 € / Kg","1,55€",Preparazioni dolci e salate,"Basi, preparati e ingredienti"
Cameo Preparato per Muffin 370 g,"8,35 € / Kg","3,09€",Preparazioni dolci e salate,"Basi, preparati e ingredienti"
Cameo torta di Mele 308 g,"7,31 € / Kg","2,25€",Preparazioni dolci e salate,"Basi, preparati e ingredienti"
Elah Preparato per Budino Denso Gusto cioccolato da Zuccherare 2 x 49 g,"10,71 € / Kg","1,05€",Preparazioni dolci e salate,"Basi, preparati e ingredienti"
Elah Preparato per crème caramel con caramellato 100 g,"10,50 € / Kg","1,05€",Preparazioni dolci e salate,"Basi, preparati e ingredienti"
F.lli Rebecchi Valtrebbia torta Natura Colore Rosso Naturale da Estratto Vegetale 8 g,"286,25 € / Kg","2,29€",Preparazioni dolci e salate,"Basi, preparati e ingredienti"
Fabbri Acero 220 g,"18,14 € / Kg","3,99€",Preparazioni dolci e salate,"Basi, preparati e ingredienti"
Fabbri Top al Caramello 225 g,"13,29 € / Kg","2,99€",Preparazioni dolci e salate,"Basi, preparati e ingredienti"
Fabbri Top alla Fragolina di Bosco 225 g,"13,29 € / Kg","2,99€",Preparazioni dolci e salate,"Basi, preparati e ingredienti"
Fabbri Top Gold Pistacchio 200 g,"31,25 € / Kg","6,25€",Preparazioni dolci e salate,"Basi, preparati e ingredienti"
Fabbri Top gusto Cioccolato 225 g,"13,29 € / Kg","2,99€",Preparazioni dolci e salate,"Basi, preparati e ingredienti"
Lindt Budino Preparato per dolci Cioccolato fondente 95 g,"18,42 € / Kg","1,75€",Preparazioni dolci e salate,"Basi, preparati e ingredienti"
Lindt Mousse Preparato per dolci Cioccolato fondente 110 g,"21,73 € / Kg","2,39€",Preparazioni dolci e salate,"Basi, preparati e ingredienti"
Lindt Patisserie Cacao in Polvere 125 g,"26,80 € / Kg","3,35€",Preparazioni dolci e salate,"Basi, preparati e ingredienti"
Maizena Amido di Mais 250 g,"4,20 € / Kg","1,05€",Preparazioni dolci e salate,"Basi, preparati e ingredienti"
Mariarosa Codetta arcobaleno 70 g,"23,57 € / Kg","1,65€",Preparazioni dolci e salate,"Basi, preparati e ingredienti"
Mariarosa Gocce pasticcere Cioccolato Bianco 125 g,"23,60 € / Kg","2,95€",Preparazioni dolci e salate,"Basi, preparati e ingredienti"
Mariarosa Gocce pasticcere Cioccolato Fondente 125 g,"18,80 € / Kg","2,35€",Preparazioni dolci e salate,"Basi, preparati e ingredienti"
Mariarosa Lievito per dolci 3 x 16 g,"24,79 € / Kg","1,19€",Preparazioni dolci e salate,"Basi, preparati e ingredienti"
Mariarosa Petali di Fiori 8 roselline,"0,29 € / conf","2,30€",Preparazioni dolci e salate,"Basi, preparati e ingredienti"
"Mariarosa Vanillina per dolci in Polvere 6 x 0,5 g","216,67 € / Kg","0,65€",Preparazioni dolci e salate,"Basi, preparati e ingredienti"
Mariarosa Zucchero al Velo per Dolci 125 g,"7,92 € / Kg","0,99€",Preparazioni dolci e salate,"Basi, preparati e ingredienti"
Molino Rossetto Lievito di Pasta Madre Essiccata 3 x 35 g,"26,19 € / Kg","2,75€",Preparazioni dolci e salate,"Basi, preparati e ingredienti"
Molino Rossetto Lievito Madre Essiccato 100 g,"22,50 € / Kg","2,25€",Preparazioni dolci e salate,"Basi, preparati e ingredienti"
Molino Rossetto Malto Diastasico 4 x 5 g,"87,50 € / Kg","1,75€",Preparazioni dolci e salate,"Basi, preparati e ingredienti"
Molino Rossetto Preparato per Pancakes al Naturale 250 g,"7,96 € / Kg","1,99€",Preparazioni dolci e salate,"Basi, preparati e ingredienti"
Molino Rossetto Preparato per Plum Cake 300 g,"7,30 € / Kg","2,19€",Preparazioni dolci e salate,"Basi, preparati e ingredienti"
"Noberasco € 0,99 Mandorle Affettate 40 g","24,75 € / Kg","0,99€",Preparazioni dolci e salate,"Basi, preparati e ingredienti"
"Noberasco € 0,99 Nocciole Granella 30 g","33,00 € / Kg","0,99€",Preparazioni dolci e salate,"Basi, preparati e ingredienti"
"PANEANGELI ""Lievito Pane degli Angeli"" Vaniglinato per Forno a Microonde con Grill 3 x 12 g","27,78 € / Kg","1,00€",Preparazioni dolci e salate,"Basi, preparati e ingredienti"
Paneangeli 1 Vaniglia in bacca,"1557,69 € / Kg","4,05€",Preparazioni dolci e salate,"Basi, preparati e ingredienti"
Paneangeli aroma per dolci e creme Limone 2 fialette 4 ml,"175,00 € / L","0,70€",Preparazioni dolci e salate,"Basi, preparati e ingredienti"
Paneangeli aroma per dolci e creme Rum 2 fialette 4 ml,"175,00 € / L","0,70€",Preparazioni dolci e salate,"Basi, preparati e ingredienti"
Paneangeli aroma per dolci e creme Vaniglia 2 fialette 4 ml,"175,00 € / L","0,70€",Preparazioni dolci e salate,"Basi, preparati e ingredienti"
Paneangeli Crema Pasticcera 2 x 75 g,"11,27 € / Kg","1,69€",Preparazioni dolci e salate,"Basi, preparati e ingredienti"
PANEANGELI decora con Gocce di cioccolato 125 g,"18,80 € / Kg","2,35€",Preparazioni dolci e salate,"Basi, preparati e ingredienti"
PANEANGELI decora con Zucchero al Velo 125 g,"7,12 € / Kg","0,89€",Preparazioni dolci e salate,"Basi, preparati e ingredienti"
PANEANGELI decora con Zucchero al Velo vaniglinato 125 g,"7,12 € / Kg","0,89€",Preparazioni dolci e salate,"Basi, preparati e ingredienti"
PANEANGELI decora con Zucchero di canna al Velo 100 g,"10,50 € / Kg","1,05€",Preparazioni dolci e salate,"Basi, preparati e ingredienti"
Paneangeli decora con Zucchero granella 125 g,"7,36 € / Kg","0,92€",Preparazioni dolci e salate,"Basi, preparati e ingredienti"
Paneangeli Dolceneve 150 g,"8,33 € / Kg","1,25€",Preparazioni dolci e salate,"Basi, preparati e ingredienti"
PANEANGELI Fecola di Patate 250 g,"3,80 € / Kg","0,95€",Preparazioni dolci e salate,"Basi, preparati e ingredienti"
PANEANGELI Fecola di Patate 500 g,"4,38 € / Kg","2,19€",Preparazioni dolci e salate,"Basi, preparati e ingredienti"
PANEANGELI Frumina 250 g,"3,80 € / Kg","0,95€",Preparazioni dolci e salate,"Basi, preparati e ingredienti"
PANEANGELI Gelatina in Fogli 12 g,"90,83 € / Kg","1,09€",Preparazioni dolci e salate,"Basi, preparati e ingredienti"
Paneangeli Glassa al cacao 125 g,"8,72 € / Kg","1,09€",Preparazioni dolci e salate,"Basi, preparati e ingredienti"
PANEANGELI le Torte degli angeli gusto Cioccolato 405 g,"6,64 € / Kg","2,69€",Preparazioni dolci e salate,"Basi, preparati e ingredienti"
PANEANGELI le Torte degli angeli gusto Vaniglia 410 g,"6,56 € / Kg","2,69€",Preparazioni dolci e salate,"Basi, preparati e ingredienti"
PANEANGELI Lievito di Birra con Pasta Madre Disidratati per Dolci Lievitati 21 g,"47,62 € / Kg","1,00€",Preparazioni dolci e salate,"Basi, preparati e ingredienti"
"Paneangeli Lievito di Birra Mastro Fornaio per Pizze, Focacce, Pani Speciali e Dolci 3 x 7 g","47,62 € / Kg","1,00€",Preparazioni dolci e salate,"Basi, preparati e ingredienti"
PANEANGELI Lievito di Birra Pizza Bella Alta 3 x 9 g,"48,15 € / Kg","1,30€",Preparazioni dolci e salate,"Basi, preparati e ingredienti"
PANEANGELI Lievito Istantaneo Pizza Veloce 26 g,"40,38 € / Kg","1,05€",Preparazioni dolci e salate,"Basi, preparati e ingredienti"
PANEANGELI Lievito Istantaneo Pizzaiolo Torte Salate e Piadine 3 x 15 g,"22,22 € / Kg","1,00€",Preparazioni dolci e salate,"Basi, preparati e ingredienti"
Paneangeli Lievito Vaniglinato 10x160g,"20,56 € / Kg","3,29€",Preparazioni dolci e salate,"Basi, preparati e ingredienti"
Paneangeli Lievito Vaniglinato 3x48g,"20,83 € / Kg","1,00€",Preparazioni dolci e salate,"Basi, preparati e ingredienti"
PANEANGELI Pasta con Estratto di Vaniglia naturale 50 g,"61,80 € / Kg","3,09€",Preparazioni dolci e salate,"Basi, preparati e ingredienti"
PANEANGELI Pasta madre disidratata con lievito 30 g,"33,00 € / Kg","0,99€",Preparazioni dolci e salate,"Basi, preparati e ingredienti"
Paneangeli Tortagel 3 x 14 g,"23,33 € / Kg","0,98€",Preparazioni dolci e salate,"Basi, preparati e ingredienti"
"Paneangeli Vanillina 6 x 0,5 g","193,33 € / Kg","0,58€",Preparazioni dolci e salate,"Basi, preparati e ingredienti"
PERUGINA Cacao amaro in polvere 250g,"15,16 € / Kg","3,79€",Preparazioni dolci e salate,"Basi, preparati e ingredienti"
PERUGINA Cacao amaro in polvere 75g,"17,33 € / Kg","1,30€",Preparazioni dolci e salate,"Basi, preparati e ingredienti"
PERUGINA Cacao Zuccherato in Polvere 250 g,"13,40 € / Kg","3,35€",Preparazioni dolci e salate,"Basi, preparati e ingredienti"
PERUGINA Gocce di Cioccolato Fondente Extra 200g,"15,50 € / Kg","3,10€",Preparazioni dolci e salate,"Basi, preparati e ingredienti"
Preparato per Budino cremoso gusto Cioccolato 2 x 90 g Cameo,"8,61 € / Kg","1,55€",Preparazioni dolci e salate,"Basi, preparati e ingredienti"
Preparato per Crème Caramel con caramellato 200 g Cameo,"7,75 € / Kg","1,55€",Preparazioni dolci e salate,"Basi, preparati e ingredienti"
Preparato per Pancakes 250 g Cameo,"8,20 € / Kg","2,05€",Preparazioni dolci e salate,"Basi, preparati e ingredienti"
Preparato per Panna Cotta con caramellato Cameo 97 g,"16,39 € / Kg","1,59€",Preparazioni dolci e salate,"Basi, preparati e ingredienti"
Preparato per Panna Cotta con guarnizione ai frutti di bosco Cameo 107 g,"14,86 € / Kg","1,59€",Preparazioni dolci e salate,"Basi, preparati e ingredienti"
Torta al Cacao Cameo 448 g,"5,69 € / Kg","2,55€",Preparazioni dolci e salate,"Basi, preparati e ingredienti"
Torta Margherita Cameo 428 g,"5,96 € / Kg","2,55€",Preparazioni dolci e salate,"Basi, preparati e ingredienti"
Zàini Emilia Gocce di Cioccolato Fondente Extra 200 g,"14,95 € / Kg","2,99€",Preparazioni dolci e salate,"Basi, preparati e ingredienti"
Pasta per Pizza 385 g Conad,"3,87 € / Kg","1,49€",Preparazioni dolci e salate,"Basi, preparati e ingredienti"
BUITONI Pizza Rettangolare Pasta Fresca Stesa per Pizza Rettangolare Rotolo 385 g,"6,21 € / Kg","2,39€",Preparazioni dolci e salate,"Basi, preparati e ingredienti"
"Pizza Catarì Croccante 448,25 g","3,33 € / Kg","1,49€",Preparazioni dolci e salate,"Basi, preparati e ingredienti"
"Pizza Catarì Soffice 453,75 g","3,28 € / Kg","1,49€",Preparazioni dolci e salate,"Basi, preparati e ingredienti"
Star le Pizze Soffice 440 g,"4,30 € / Kg","1,89€",Preparazioni dolci e salate,"Basi, preparati e ingredienti"
2 BASI PINSA CLASSICA LA SPIGA 500g,"7,98 € / Kg","3,99€",Preparazioni dolci e salate,"Basi, preparati e ingredienti"
2 BASI PINSA CLASSICA PINSALAB 460g,"12,15 € / Kg","5,59€",Preparazioni dolci e salate,"Basi, preparati e ingredienti"
2 BASI PINSA INTEGRALE PINSALA 460g,"12,15 € / Kg","5,59€",Preparazioni dolci e salate,"Basi, preparati e ingredienti"
BUDINO S.MART.CIOCC/AMARET.96g,"13,02 € / Kg","1,25€",Preparazioni dolci e salate,"Basi, preparati e ingredienti"
BUDINO S.MART.CIOCCOLATO 96g,"13,02 € / Kg","1,25€",Preparazioni dolci e salate,"Basi, preparati e ingredienti"
BUDINO S.MART.VANIGLIA 70g,"17,86 € / Kg","1,25€",Preparazioni dolci e salate,"Basi, preparati e ingredienti"
MERINGHE BIANCHE DOLCEBON 100g,"14,90 € / Kg","1,49€",Preparazioni dolci e salate,"Basi, preparati e ingredienti"
MERINGHE COLOR.BRETAGNA VASC.150g,"13,27 € / Kg","1,99€",Preparazioni dolci e salate,"Basi, preparati e ingredienti"
NESTLÉ FRUTTOLO Maxi Duo Fragola - Fior di Latte 4 x 100 g,5.9 € / Kg,"1,59€",Preparazioni dolci e salate,Pasticceria
"Nestlé Fruttolo Pera, Banana, Fragola 6 x 50 g","6,63 € / Kg","1,99€",Preparazioni dolci e salate,Pasticceria
"Nestlé Fruttolo Pesca e Albicocca, Mela e Pera, Fragola e Banana 6 x 50 g","6,63 € / Kg","1,99€",Preparazioni dolci e salate,Pasticceria
Kinder fetta al latte 5 x 28 g,"15,36 € / Kg","2,15€",Preparazioni dolci e salate,Pasticceria
"Kinder Choco fresh 5 x 20,5 g","20,98 € / Kg","2,15€",Preparazioni dolci e salate,Pasticceria
Kinder fetta al latte 10 x 28 g,"12,46 € / Kg","3,49€",Preparazioni dolci e salate,Pasticceria
Kinder Paradiso 4 x 29 g,"18,53 € / Kg","2,15€",Preparazioni dolci e salate,Pasticceria
Kinder Pinguì 4 x 30 g,"17,92 € / Kg","2,15€",Preparazioni dolci e salate,Pasticceria
Kinder Pinguì 8 x 30 g,"14,54 € / Kg","3,49€",Preparazioni dolci e salate,Pasticceria
NESQUIK Snack Cacao 5 x 26 g,"11,15 € / Kg","1,45€",Preparazioni dolci e salate,Pasticceria
NESQUIK Snack Latte 5 x 26 g,"11,15 € / Kg","1,45€",Preparazioni dolci e salate,Pasticceria
Alimentum Senza Glutine Mini Cookies 130 g Conad,"10,69 € / Kg","1,39€",Preparazioni dolci e salate,Pasticceria
Alimentum Senza Glutine Pasticcini con biscotto e cioccolato al latte 100 g Conad,"29,00 € / Kg","2,90€",Preparazioni dolci e salate,Pasticceria
Amaretti 200 g Conad,"6,75 € / Kg","1,35€",Preparazioni dolci e salate,Pasticceria
Baci di Dama alla nocciola 150 g Sapori & Dintorni Conad,"22,33 € / Kg","3,35€",Preparazioni dolci e salate,Pasticceria
Bastoncini Ricoperti di Cioccolato al Latte 125 g Conad,"11,12 € / Kg","1,39€",Preparazioni dolci e salate,Pasticceria
Canestrelli liguri 150 g Sapori & Dintorni Conad,"18,33 € / Kg","2,75€",Preparazioni dolci e salate,Pasticceria
Canestrellini 125 g Conad,"7,84 € / Kg","0,98€",Preparazioni dolci e salate,Pasticceria
Cantucci Toscani IGP alle mandorle 200 g Sapori & Dintorni Conad,"14,45 € / Kg","2,89€",Preparazioni dolci e salate,Pasticceria
Cantuccini 250 g Conad,"7,92 € / Kg","1,98€",Preparazioni dolci e salate,Pasticceria
Cookies mini 150 g Conad,"7,93 € / Kg","1,19€",Preparazioni dolci e salate,Pasticceria
Pasticcini al Cioccolato 90 g Conad,"15,00 € / Kg","1,35€",Preparazioni dolci e salate,Pasticceria
Pasticcini al Limone con Granella di Nocciole 100 g Conad,"13,50 € / Kg","1,35€",Preparazioni dolci e salate,Pasticceria
Pasticcini con Farcitura all'Albicocca 100 g Conad,"13,50 € / Kg","1,35€",Preparazioni dolci e salate,Pasticceria
Pasticcini Senza Glutine con farcitura all'albicocca 80 g Alimentum Conad,"24,75 € / Kg","1,98€",Preparazioni dolci e salate,Pasticceria
Sfogliatine 175 g Conad,"7,37 € / Kg","1,29€",Preparazioni dolci e salate,Pasticceria
Torcetti Piemontesi 200 g Conad,"15,45 € / Kg","3,09€",Preparazioni dolci e salate,Pasticceria
Waferini con crema alla nocciola ricoperti con cioccolato g 100 Conad,"13,50 € / Kg","1,35€",Preparazioni dolci e salate,Pasticceria
Bahlsen Choco Leibniz Cioccolato al Latte 125 g,"12,40 € / Kg","1,55€",Preparazioni dolci e salate,Pasticceria
Bahlsen Choco Leibniz Fondente 125 g,"12,40 € / Kg","1,55€",Preparazioni dolci e salate,Pasticceria
Bahlsen Messino Cioccolato Fondente Ripieno all'Arancia 125 g,"13,20 € / Kg","1,65€",Preparazioni dolci e salate,Pasticceria
Bahlsen Waffeletten Dark Chocolate 100 g,"16,00 € / Kg","1,60€",Preparazioni dolci e salate,Pasticceria
BiancoForno Fiorentine di pasta sfoglia con il 30% di confettura di albicocca 250 g,"10,20 € / Kg","2,55€",Preparazioni dolci e salate,Pasticceria
BiancoForno Margheritine di pasta frolla con il 30% di confettura di albicocca 250 g,"10,20 € / Kg","2,55€",Preparazioni dolci e salate,Pasticceria
BiancoForno Occhi di Bue di pasta frolla con il 30% di confettura di albicocca 300 g,"8,50 € / Kg","2,55€",Preparazioni dolci e salate,Pasticceria
BiancoForno Palmine di pasta sfoglia 220 g,"11,59 € / Kg","2,55€",Preparazioni dolci e salate,Pasticceria
BiancoForno Sfogliatine di pasta sfoglia 230 g,"11,09 € / Kg","2,55€",Preparazioni dolci e salate,Pasticceria
Céréal BuoniSenza Madeleine alle Mandorle - 6 x 30 g,"18,83 € / Kg","3,39€",Preparazioni dolci e salate,Pasticceria
"Céréal Senza Glutine Madeleine Noire, Merendine Senza lattosio, Senza olio di Palma, monodose - 200g","19,95 € / Kg","3,99€",Preparazioni dolci e salate,Pasticceria
"Galbusera ZeroGrano Senza Glutine con Panna e Gocce di Cioccolato 6 x 36,7 g","12,68 € / Kg","2,79€",Preparazioni dolci e salate,Pasticceria
Grisbì Fresh Cioccolato 9 x 15 g,"15,48 € / Kg","2,09€",Preparazioni dolci e salate,Pasticceria
Grisbì Fresh Cocco 9 x 15 g,"15,48 € / Kg","2,09€",Preparazioni dolci e salate,Pasticceria
Grisbì Fresh Limone 9 x 15 g,"15,48 € / Kg","2,09€",Preparazioni dolci e salate,Pasticceria
Grisbì Fresh Nocciola 9 x 15 g,"15,48 € / Kg","2,09€",Preparazioni dolci e salate,Pasticceria
Grisbì Fresh Pistacchio 9 x 15 g,"15,48 € / Kg","2,09€",Preparazioni dolci e salate,Pasticceria
Loacker Patisserie Crème Noisette wafers con crema e granella nocciole ricoperti di cioccolato 100 g,"24,00 € / Kg","2,40€",Preparazioni dolci e salate,Pasticceria
Loacker Wafer Patisserie Coconut Wafers crema cocco ricoperti di cioccolato latte fiocchi cocco 100g,"24,00 € / Kg","2,40€",Preparazioni dolci e salate,Pasticceria
Matilde Vicenzi Millefoglie Classiche 125 g,"12,40 € / Kg","1,55€",Preparazioni dolci e salate,Pasticceria
Matilde Vicenzi Millefoglie Snack alla nocciola 5 x 25 g,"11,92 € / Kg","1,49€",Preparazioni dolci e salate,Pasticceria
Mikado Cioccolato al Latte 75 g,"23,33 € / Kg","1,75€",Preparazioni dolci e salate,Pasticceria
Mikado Cioccolato Fondente 75 g,"23,33 € / Kg","1,75€",Preparazioni dolci e salate,Pasticceria
"Mikado, biscotto ricoperto di cioccolato bianco - 70g","25,00 € / Kg","1,75€",Preparazioni dolci e salate,Pasticceria
"Milka Choco Sticks, biscotti sticks ricoperti di cioccolato al latte Milka - 112g","9,38 € / Kg","1,05€",Preparazioni dolci e salate,Pasticceria
"Milka Cookies Sensation, cookies ripieni di cioccolato al latte Milka- 156g","15,32 € / Kg","2,39€",Preparazioni dolci e salate,Pasticceria
"Milka Cookies XL, maxi cookie con cioccolato al latte Milka - 184g","12,99 € / Kg","2,39€",Preparazioni dolci e salate,Pasticceria
Pasticceria Matilde Vicenzi Amaretto di Matilde 175 g,"9,09 € / Kg","1,59€",Preparazioni dolci e salate,Pasticceria
Pasticceria Matilde Vicenzi Bocconcini con Crema al Cioccolato 100 g,"14,90 € / Kg","1,49€",Preparazioni dolci e salate,Pasticceria
Pasticceria Matilde Vicenzi Millefoglie d'Italia Senza Lattosio 125 g,"15,12 € / Kg","1,89€",Preparazioni dolci e salate,Pasticceria
Pasticceria Matilde Vicenzi Millefoglie di Matilde Classiche 125 g,"12,72 € / Kg","1,59€",Preparazioni dolci e salate,Pasticceria
Pasticceria Matilde Vicenzi Minivoglie 300 g,"6,83 € / Kg","2,05€",Preparazioni dolci e salate,Pasticceria
Pavesi Togo Classic Latte 120g,"16,58 € / Kg","1,99€",Preparazioni dolci e salate,Pasticceria
"Milka Cookies Sensation Oreo, cookies ripieni di crema Oreo - 156g","15,32 € / Kg","2,39€",Preparazioni dolci e salate,Pasticceria
Crostata di Albicocche con confettura di albicocche 370 g Conad,"7,00 € / Kg","2,59€",Preparazioni dolci e salate,Pasticceria
Sbrisolona 350 g Sapori & Dintorni Conad,"14,26 € / Kg","4,99€",Preparazioni dolci e salate,Pasticceria
Mulino Bianco Torta Cacao con Albicocche 100% Italiane 590g,"11,34 € / Kg","6,69€",Preparazioni dolci e salate,Pasticceria
Mulino Bianco Torta Limone con Farina Sostenibile 640g,"10,45 € / Kg","6,69€",Preparazioni dolci e salate,Pasticceria
Balconi Roll Max cacao 300 g,"3,13 € / Kg","0,94€",Preparazioni dolci e salate,Pasticceria
Balconi Roll nocciola 250 g,"3,96 € / Kg","0,99€",Preparazioni dolci e salate,Pasticceria
Balconi Torta TiramiSù 400 g,"5,62 € / Kg","2,25€",Preparazioni dolci e salate,Pasticceria
Balconi Viennese 400 g,"5,62 € / Kg","2,25€",Preparazioni dolci e salate,Pasticceria
Mulino Bianco Crostata Albicocca con 100% Albicocche Italiane e Farina Sostenibile 475g,"8,95 € / Kg","4,25€",Preparazioni dolci e salate,Pasticceria
Mulino Bianco Crostata Cacao Torta con Crema alle Nocciole e Cacao e Farina Sostenibile 440g,"9,66 € / Kg","4,25€",Preparazioni dolci e salate,Pasticceria
Mulino Bianco Torta Ricotta e Cioccolato con Ricotta Fresca 475g,"12,11 € / Kg","5,75€",Preparazioni dolci e salate,Pasticceria
Pan di Stelle Torta 445g,"12,79 € / Kg","5,69€",Preparazioni dolci e salate,Pasticceria
Sorbissimo Sorbetto al Limone di Sicilia 750 g,"6,87 € / Kg","5,15€",Preparazioni dolci e salate,Pasticceria
Coppa Cacao con panna montata 2 x 110 g Conad,"6,32 € / Kg","1,39€",Preparazioni dolci e salate,Pasticceria
Profiteroles 2 x 90 g Conad,"11,94 € / Kg","2,15€",Preparazioni dolci e salate,Pasticceria
Tiramisù -  Crema al mascarpone con pan di Spagna affogato al caffè 2x 90g Conad,"11,94 € / Kg","2,15€",Preparazioni dolci e salate,Pasticceria
Parmalat Malù Coppa classica al cioccolato 2 x 100 g,"7,95 € / Kg","1,59€",Preparazioni dolci e salate,Pasticceria
BISC.CARAMELITO IMBUST.POPPIES 150g,"9,93 € / Kg","1,49€",Preparazioni dolci e salate,Pasticceria
BISC.COOKIES GOCCE CIOC.MERBA 150g,"8,60 € / Kg","1,29€",Preparazioni dolci e salate,Pasticceria
BISCOTTI AL BURRO DANESITA LT.454g,"12,67 € / Kg","5,75€",Preparazioni dolci e salate,Pasticceria
BOUNTY COOKIES VASCH.180g,"18,83 € / Kg","3,39€",Preparazioni dolci e salate,Pasticceria
CANESTRELLI SASSELLESE VASCH. 250g,"8,20 € / Kg","2,05€",Preparazioni dolci e salate,Pasticceria
CANTUCCI S/G NUTRIFREE 240g,"22,88 € / Kg","5,49€",Preparazioni dolci e salate,Pasticceria
CIALDE ARROT.CIOCC.POPPIES VSC 125g,"15,12 € / Kg","1,89€",Preparazioni dolci e salate,Pasticceria
DOLCETTI COCCO HAVANITO VASC.220g,"9,77 € / Kg","2,15€",Preparazioni dolci e salate,Pasticceria
DULCESOL MACARONS FR.DI BOSCO80g,"26,88 € / Kg","2,15€",Preparazioni dolci e salate,Pasticceria
M&M COOKIES VASCH.180g,"18,83 € / Kg","3,39€",Preparazioni dolci e salate,Pasticceria
MARS COOKIES VASCH.162g,"20,93 € / Kg","3,39€",Preparazioni dolci e salate,Pasticceria
PLAISIR CHOC.ROL.CACAO RIC.LATT100g,"16,90 € / Kg","1,69€",Preparazioni dolci e salate,Pasticceria
PLAISIR CHOCOL.CREPE DENTELLE 120g,"16,90 € / Kg","1,69€",Preparazioni dolci e salate,Pasticceria
PLASIR CHOCOLATE CIOCC.LATTE 5x38g,"9,95 € / Kg","1,89€",Preparazioni dolci e salate,Pasticceria
TORTINO LIM/FARRO BIO GERMINAL 180g,"14,72 € / Kg","2,65€",Preparazioni dolci e salate,Pasticceria
6PAINS CHOCO.BRIOCHE PASQUIER270g,"9,96 € / Kg","2,69€",Preparazioni dolci e salate,Pasticceria
CANNOLI VUOTI MARISTELLA 150g,"13,67 € / Kg","2,05€",Preparazioni dolci e salate,Pasticceria
VOLAUVENT VSC.SF.TORINO 200g,"13,25 € / Kg","2,65€",Preparazioni dolci e salate,Pasticceria
BARCHETTE MISTE GNG 100g,"19,90 € / Kg","1,99€",Preparazioni dolci e salate,Pasticceria
BISCOTTI DELLA NONNA T.A.100g,"19,90 € / Kg","1,99€",Preparazioni dolci e salate,Pasticceria
BRUTTI MA BUONI CARRARA T.A.100g,"19,90 € / Kg","1,99€",Preparazioni dolci e salate,Pasticceria
CIAMBELLA VARIEGATA VAL PORRO 400g,"6,98 € / Kg","2,79€",Preparazioni dolci e salate,Pasticceria
CIAMBELLA YOGURT VAL PORRO 400g,"6,98 € / Kg","2,79€",Preparazioni dolci e salate,Pasticceria
GLASSATI MANDORLA CARRARA T.A.100g,"19,90 € / Kg","1,99€",Preparazioni dolci e salate,Pasticceria
MARGHERITE GNG 100g,"19,90 € / Kg","1,99€",Preparazioni dolci e salate,Pasticceria
TORTA CASALINGA CARRARA 200g,"15,50 € / Kg","3,10€",Preparazioni dolci e salate,Pasticceria
Piacersi Stevia Dolcificante di Origine Naturale 150 g Conad,19.9 € / Kg,"2,39€",Preparazioni dolci e salate,Zucchero e dolcificanti
Fruttosio Puro 500 g Piacersi Conad,"5,98 € / Kg","2,99€",Preparazioni dolci e salate,Zucchero e dolcificanti
"Piacersi Dolcificante 200 compresse 200 x 0,05 g Conad","149,00 € / Kg","1,49€",Preparazioni dolci e salate,Zucchero e dolcificanti
Piacersi Dolcificante 200 g Conad,"13,45 € / Kg","2,69€",Preparazioni dolci e salate,Zucchero e dolcificanti
Piacersi Dolcificante 40 bustine 40 x 1 g Conad,"28,75 € / Kg","1,15€",Preparazioni dolci e salate,Zucchero e dolcificanti
Piacersi Dolcificante 50 ml Conad,"37,80 € / L","1,89€",Preparazioni dolci e salate,Zucchero e dolcificanti
Diete.Tic 50 ml,"63,80 € / L","3,19€",Preparazioni dolci e salate,Zucchero e dolcificanti
Dietor Vantaggio Dolcificante in Zollette 204 Zollette 290 g,"14,45 € / Kg","4,19€",Preparazioni dolci e salate,Zucchero e dolcificanti
My Dietor 2 x 100 g,"19,45 € / Kg","3,89€",Preparazioni dolci e salate,Zucchero e dolcificanti
"My Dietor 40 x 0,8 g","73,44 € / Kg","2,35€",Preparazioni dolci e salate,Zucchero e dolcificanti
My Dietor Cuor di Stevia 1000 Minigocce 50 ml,"85,00 € / L","4,25€",Preparazioni dolci e salate,Zucchero e dolcificanti
My Dietor Cuor di Stevia 150 g,"21,93 € / Kg","3,29€",Preparazioni dolci e salate,Zucchero e dolcificanti
My Dietor Cuor di Stevia 30 x 1 g,"71,67 € / Kg","2,15€",Preparazioni dolci e salate,Zucchero e dolcificanti
My Dietor Cuor di Stevia Compresse 90 x 50 mg,"544,44 € / Kg","2,45€",Preparazioni dolci e salate,Zucchero e dolcificanti
My Dietor Zero Calorie 120 x 50 mg,"316,67 € / Kg","1,90€",Preparazioni dolci e salate,Zucchero e dolcificanti
Truvia 150 g,"20,60 € / Kg","3,09€",Preparazioni dolci e salate,Zucchero e dolcificanti
Esotico Zucchero di Canna 500 g Conad,"2,70 € / Kg","1,35€",Preparazioni dolci e salate,Zucchero e dolcificanti
Zucchero 100% Italiano 1 kg Conad,"1,49 € / Kg","1,49€",Preparazioni dolci e salate,Zucchero e dolcificanti
Zucchero 100% Italiano Bustine 1 kg Conad,"2,19 € / Kg","2,19€",Preparazioni dolci e salate,Zucchero e dolcificanti
Zucchero di Canna Integrale Atado Dulce Biologico 500 g Verso Natura Equo Conad,"4,70 € / Kg","2,35€",Preparazioni dolci e salate,Zucchero e dolcificanti
Eridania Classico Bustine 1 kg,"2,15 € / Kg","2,15€",Preparazioni dolci e salate,Zucchero e dolcificanti
Eridania Classico Zollette 1 kg,"1,85 € / Kg","1,85€",Preparazioni dolci e salate,Zucchero e dolcificanti
Eridania Tropical & stevia 500 g,"5,98 € / Kg","2,99€",Preparazioni dolci e salate,Zucchero e dolcificanti
Eridania Tropical Zucchero di Pura Canna Grezzo 1 kg,"2,49 € / Kg","2,49€",Preparazioni dolci e salate,Zucchero e dolcificanti
Eridania Tropical Zucchero di Pura Canna Grezzo Bustine 500 g,"3,30 € / Kg","1,65€",Preparazioni dolci e salate,Zucchero e dolcificanti
Eridania Zefiro Zucchero di Canna Finissimo 750 g,"3,13 € / Kg","2,35€",Preparazioni dolci e salate,Zucchero e dolcificanti
Eridania Zefiro Zucchero Extrafine 1 kg,"1,69 € / Kg","1,69€",Preparazioni dolci e salate,Zucchero e dolcificanti
Eridania zucchero di pura canna grezzo Bio 500 g,"4,58 € / Kg","2,29€",Preparazioni dolci e salate,Zucchero e dolcificanti
Alimentum Senza Glutine Preparato per dolci 500 g Conad,"3,98 € / Kg","1,99€",Preparazioni dolci e salate,Farina
Cocco Grattugiato 250 g Conad,"7,00 € / Kg","1,75€",Preparazioni dolci e salate,Farina
Farina di Ceci 500 g Conad,"3,78 € / Kg","1,89€",Preparazioni dolci e salate,Farina
Farina di Farro Biologica 1 kg Verso Natura Bio Conad,"2,99 € / Kg","2,99€",Preparazioni dolci e salate,Farina
Farina di Grano Saraceno Integrale Biologica 500 g Verso Natura Bio Conad,"4,38 € / Kg","2,19€",Preparazioni dolci e salate,Farina
Farina di Mandorle 250 g Conad,"17,96 € / Kg","4,49€",Preparazioni dolci e salate,Farina
Farina di Riso 500 g Conad,"2,78 € / Kg","1,39€",Preparazioni dolci e salate,Farina
Farina Integrale di Avena 500 g Conad,"3,98 € / Kg","1,99€",Preparazioni dolci e salate,Farina
Farina Kamut Biologica 1 kg Verso Natura Bio Conad,"5,29 € / Kg","5,29€",Preparazioni dolci e salate,Farina
Preparato per pane e pizza Senza Glutine 500 g Alimentum Conad,"3,98 € / Kg","1,99€",Preparazioni dolci e salate,Farina
F.lli Rebecchi Valtrebbia Cocco Rapè 125 g,"14,80 € / Kg","1,85€",Preparazioni dolci e salate,Farina
Semola di Grano Duro 250 g Conad,"2,32 € / Kg","0,58€",Preparazioni dolci e salate,Farina
Semola di grano duro Rimacinata 1 kg Conad,"1,39 € / Kg","1,39€",Preparazioni dolci e salate,Farina
La Molisana Semola Integrale Rimacinata Grano Decorticato a Pietra 1000 g,"2,19 € / Kg","2,19€",Preparazioni dolci e salate,Farina
La Molisana Semola per Pizza di Grano 1000 g,"2,19 € / Kg","2,19€",Preparazioni dolci e salate,Farina
La Molisana Semola Rimacinata di Grano Duro Decorticato a Pietra 1000 g,"2,19 € / Kg","2,19€",Preparazioni dolci e salate,Farina
Le Macinate De Cecco Semola di Grano Duro Rimacinata 1 kg,"2,35 € / Kg","2,35€",Preparazioni dolci e salate,Farina
Farina di Grano Tenero Macinata a Pietra Tipo 1 1 kg Conad,"1,49 € / Kg","1,49€",Preparazioni dolci e salate,Farina
Farina di Grano Tenero Macinata a Pietra Tipo 2 1 kg Conad,"1,49 € / Kg","1,49€",Preparazioni dolci e salate,Farina
Farina di grano tenero tipo ''0'' Kg.  1 Verso Natura Bio Conad,"1,39 € / Kg","1,39€",Preparazioni dolci e salate,Farina
Farina di grano tenero tipo ''00'' Kg.  5 Conad,"0,70 € / Kg","3,49€",Preparazioni dolci e salate,Farina
Farina di grano tenero Tipo 0 1 kg Conad,"0,75 € / Kg","0,75€",Preparazioni dolci e salate,Farina
Farina di grano tenero Tipo 00 1 kg Conad,"0,75 € / Kg","0,75€",Preparazioni dolci e salate,Farina
Farina di grano tenero tipo 00 Kg.  1 Verso Natura Bio Conad,"1,39 € / Kg","1,39€",Preparazioni dolci e salate,Farina
Farina Integrale 1 kg Conad,"1,29 € / Kg","1,29€",Preparazioni dolci e salate,Farina
Farina Manitoba Tipo 0 1 kg Conad,"1,15 € / Kg","1,15€",Preparazioni dolci e salate,Farina
"Barilla Farina tipo ""00"" 1000g","1,15 € / Kg","1,15€",Preparazioni dolci e salate,Farina
Garofalo tutto il Buono della Farina W 260 1 Kg,"1,45 € / Kg","1,45€",Preparazioni dolci e salate,Farina
"Molino Spadoni Farina d'America Farina di grano tenero tipo ""0"" tipo Manitoba 1000 g","1,59 € / Kg","1,59€",Preparazioni dolci e salate,Farina
Molino Spadoni Farina d'America Tipo Manitoba Tipo 1 1000 g,"1,59 € / Kg","1,59€",Preparazioni dolci e salate,Farina
Molino Spadoni Farina di Grano Tenero Macina a Pietra Tipo 1 1000 g,"1,85 € / Kg","1,85€",Preparazioni dolci e salate,Farina
Molino Spadoni Farina di Grano Tenero Macinata a Pietra Tipo 2 1000 g,"1,85 € / Kg","1,85€",Preparazioni dolci e salate,Farina
"Molino Spadoni Gran Mugnaio Farina di Grano Tenero Tipo ""00"" Anti-Grumi 1000 g","1,49 € / Kg","1,49€",Preparazioni dolci e salate,Farina
"Molino Spadoni Gran Mugnaio Farina per Pizza Tipo ""00"" di Grano Tenero 1000 g","1,49 € / Kg","1,49€",Preparazioni dolci e salate,Farina
Farina di mais Bramata a grana grossa 1 kg Conad,"1,39 € / Kg","1,39€",Preparazioni dolci e salate,Farina
Farina di mais Fioretto a grana fine 1Kg Conad,"1,39 € / Kg","1,39€",Preparazioni dolci e salate,Farina
Farina di mais per Polenta Istantanea 375 g Conad,"2,53 € / Kg","0,95€",Preparazioni dolci e salate,Farina
Polenta ai Formaggi 200 g Conad,"8,25 € / Kg","1,65€",Preparazioni dolci e salate,Farina
Polenta ai Funghi Porcini 200 g Conad,"8,25 € / Kg","1,65€",Preparazioni dolci e salate,Farina
Polenta Valsugana l'Integrale 330 g,"6,64 € / Kg","2,19€",Preparazioni dolci e salate,Farina
Polenta Valsugana la 5 Cereali 350 g,"5,97 € / Kg","2,09€",Preparazioni dolci e salate,Farina
Polenta Valsugana la Classica 375 g,"5,31 € / Kg","1,99€",Preparazioni dolci e salate,Farina
Polenta Valsugana la Taragna 330 g,"6,33 € / Kg","2,09€",Preparazioni dolci e salate,Farina
Farina Integrale Multicereali 1 kg Conad,2.2 € / Kg,"1,69€",Preparazioni dolci e salate,Farina
Miscela di Farine per Dolci 1 kg Conad,"1,20 € / Kg","1,20€",Preparazioni dolci e salate,Farina
Miscela di Farine per Pizza 1 kg Conad,"1,20 € / Kg","1,20€",Preparazioni dolci e salate,Farina
Molino Rossetto Bio Preparato per Pizza con grano khorasan Kamut 400 g,"7,98 € / Kg","3,19€",Preparazioni dolci e salate,Farina
Molino Spadoni 1 kg di preparato per Pane Nero ai 7 cereali 1000 g,"2,65 € / Kg","2,65€",Preparazioni dolci e salate,Farina
"Molino Spadoni Farina che Lievita Farina ""00""   Polvere Lievitante 1000 g","1,75 € / Kg","1,75€",Preparazioni dolci e salate,Farina
Molino Spadoni Farina di Grani Antichi Italiani 1000 g,"2,69 € / Kg","2,69€",Preparazioni dolci e salate,Farina
Molino Spadoni Preparato per Gran Pinsa alla Romana 1010 g,"2,99 € / Kg","2,99€",Preparazioni dolci e salate,Farina
Miscela di Farine per Fritture 1 kg Conad,"1,65 € / Kg","1,65€",Preparazioni dolci e salate,Farina
FARINA 0 NUVOLA CAPUTO 1Kg,"2,49 € / Kg","2,49€",Preparazioni dolci e salate,Farina
FARINA 00 PASTICCERIA CAPUTO 1Kg,"1,79 € / Kg","1,79€",Preparazioni dolci e salate,Farina
FARINA 00 PER PIZZERIA CAPUTO 1 Kg,"1,69 € / Kg","1,69€",Preparazioni dolci e salate,Farina
FARINA AVENA INT. BIO SARCHIO 500g,"7,38 € / Kg","3,69€",Preparazioni dolci e salate,Farina
FARINA DI RISO BIO S/G SARCHIO 500g,"5,98 € / Kg","2,99€",Preparazioni dolci e salate,Farina
FARINA PER DOLCI SOFFICI 3GRAZIE1kg,"1,55 € / Kg","1,55€",Preparazioni dolci e salate,Farina
FARINA TIPO 0 3 GRAZIE 1kg,"0,99 € / Kg","0,99€",Preparazioni dolci e salate,Farina
FARINA TIPO 00 3 GRAZIE 1kg,"0,99 € / Kg","0,99€",Preparazioni dolci e salate,Farina
FAR.GIALLA BRAMATA BIO G.RUOTA 1kg,"1,95 € / Kg","1,95€",Preparazioni dolci e salate,Farina
FARINA DI GRANO SARACENO MORO 1Kg,"3,45 € / Kg","3,45€",Preparazioni dolci e salate,Farina
FARINA X POLENTA TARAGNA MORO 1Kg,"2,49 € / Kg","2,49€",Preparazioni dolci e salate,Farina
POLENTA COTTA PA.AL.VE 500g,"1,90 € / Kg","0,95€",Preparazioni dolci e salate,Farina
POLENTA TAGLIATA PA.AL.VE 500g,"2,38 € / Kg","1,19€",Preparazioni dolci e salate,Farina
4 Uova Fresche da Galline Allevate all'Aperto 230 g Percorso Qualità Conad,"7,17 € / Kg","1,65€",Preparazioni dolci e salate,Uova
6 Uova fresche Biologiche Verso Natura Bio Conad,"8,67 € / Kg","2,99€",Preparazioni dolci e salate,Uova
6 Uova Fresche da Galline Allevate a Terra Grandi Percorso Qualità Conad,"4,59 € / Kg","1,75€",Preparazioni dolci e salate,Uova
6 Uova Fresche da Galline Allevate a Terra Grandissime Percorso Qualità Conad,"4,97 € / Kg","2,19€",Preparazioni dolci e salate,Uova
6 Uova Fresche da Galline Allevate a Terra Medie Percorso Qualità Conad,"4,17 € / Kg","1,59€",Preparazioni dolci e salate,Uova
6 Uova Fresche da Galline Allevate a Terra senza uso di antibiotici Percorso Qualità Conad,"6,82 € / Kg","2,25€",Preparazioni dolci e salate,Uova
Uova medie x 10 da allevamento a terra Conad,"4,43 € / Kg","2,35€",Preparazioni dolci e salate,Uova
Le Naturelle 10 Uova Grandi da Allevamento a Terra,0.3 € / conf,"1,99€",Preparazioni dolci e salate,Uova
Almaverde bio 4 uova fresche 230 g,"0,51 € / conf","2,05€",Preparazioni dolci e salate,Uova
Le Naturelle 4 Uova Fresche da Allevamento a Terra 220 g,"0,41 € / conf","1,65€",Preparazioni dolci e salate,Uova
Le Naturelle A terra 2 Uova grandissime fresche da allevamento a terra,"0,50 € / conf","0,99€",Preparazioni dolci e salate,Uova
Le Naturelle Albume d'Uovo Biologico Pastorizzato 250 g,"7,16 € / Kg","1,79€",Preparazioni dolci e salate,Uova
Le Naturelle Albume d'Uovo Pastorizzato 500 g,"6,30 € / Kg","3,15€",Preparazioni dolci e salate,Uova
Le Naturelle Sfoglia Gialla 6 Uova Fresche da Allevamento a Terra Grandi,"0,40 € / conf","2,39€",Preparazioni dolci e salate,Uova
6 UOVA ALL.TERRA MAXOVO 300g,"7,30 € / Kg","2,19€",Preparazioni dolci e salate,Uova
Savoiardi 400 g Conad,"4,22 € / Kg","1,69€","Biscotti, cereali e dolci",Biscotti
Pasticceria Matilde Vicenzi Vicenzovo 300 g,"6,60 € / Kg","1,98€","Biscotti, cereali e dolci",Biscotti
Pavesi Pavesini Classici Snack Biscotti 200g,"11,95 € / Kg","2,39€","Biscotti, cereali e dolci",Biscotti
Pavesi Pavesini Double 60g,"24,83 € / Kg","1,49€","Biscotti, cereali e dolci",Biscotti
Biscotti ai Cereali 2 x 250 g Conad,3.8 € / Kg,"1,59€","Biscotti, cereali e dolci",Biscotti
Frollini con Farina Integrale e Cioccolato 350 g Conad,6.5 € / Kg,"1,79€","Biscotti, cereali e dolci",Biscotti
"Biscotti ai cereali, frutta e fibre g 250 Conad","4,60 € / Kg","1,15€","Biscotti, cereali e dolci",Biscotti
Frollini con Farina 100% Integrale 400 g Conad,"3,72 € / Kg","1,49€","Biscotti, cereali e dolci",Biscotti
Frollini con farina integrale macinata a pietra g 330 Verso Natura Bio Conad,"6,64 € / Kg","2,19€","Biscotti, cereali e dolci",Biscotti
I Rustici Integrali con Crusca 500 g Conad,"4,78 € / Kg","2,39€","Biscotti, cereali e dolci",Biscotti
Artebianca Biscotti Integrali 400 g,"6,88 € / Kg","2,75€","Biscotti, cereali e dolci",Biscotti
Balocco Cruschelle 700 g,"2,93 € / Kg","2,05€","Biscotti, cereali e dolci",Biscotti
Balocco Fagottini 700 g,"4,27 € / Kg","2,99€","Biscotti, cereali e dolci",Biscotti
Balocco Saracene 700 g,"4,27 € / Kg","2,99€","Biscotti, cereali e dolci",Biscotti
Doria Semplicissimi Frollini Farina Integrale e Malto d'Orzo - sacco 400g,"4,88 € / Kg","1,95€","Biscotti, cereali e dolci",Biscotti
"Galbusera GranSaraceno Ricchi di Fibre Integrale con Grano Saraceno e Gocce di Cioccolato 6 x 43,3 g","8,42 € / Kg","2,19€","Biscotti, cereali e dolci",Biscotti
Galbusera PiùIntegrali Ricchi di Fibre 100% Integrale 6 x 55 g,"8,15 € / Kg","2,69€","Biscotti, cereali e dolci",Biscotti
"Galbusera Turco 6 x 66,6 g","5,72 € / Kg","2,29€","Biscotti, cereali e dolci",Biscotti
Gran Cereale Biscotti Gran Cereale Classico Fiocchi di Avena Farro Orzo in Monoporzioni 240g,"8,71 € / Kg","2,09€","Biscotti, cereali e dolci",Biscotti
Gran Cereale Biscotti Gran Cereale Classico Fiocchi di Avena Farro Orzo Tubo 500g,"4,50 € / Kg","2,25€","Biscotti, cereali e dolci",Biscotti
Gran Cereale Cioccolato Tubo 230g,"6,30 € / Kg","1,45€","Biscotti, cereali e dolci",Biscotti
Kinder CereAlé Biscotti ai 7 cereali gocce di cioccolato fondente 6 astucci da 2 biscotti 204 g,"10,54 € / Kg","2,15€","Biscotti, cereali e dolci",Biscotti
Mulino Bianco Buongrano con 100% Farina Integrale 350g,"5,40 € / Kg","1,89€","Biscotti, cereali e dolci",Biscotti
Mulino Bianco Cioccograno con Farina Integrale e Cioccolato 330 g,"8,03 € / Kg","2,65€","Biscotti, cereali e dolci",Biscotti
Mulino Bianco Molinetti con Farina Integrale di Grano Saraceno Offerta 800g,"4,36 € / Kg","3,49€","Biscotti, cereali e dolci",Biscotti
Mulino Bianco Primizie con Farina Integrale Macinata a Pietra 700 g,"4,99 € / Kg","3,49€","Biscotti, cereali e dolci",Biscotti
Oro Saiwa biscotti secchi 5 Cereali - 420 g,"5,45 € / Kg","2,29€","Biscotti, cereali e dolci",Biscotti
Oro Saiwa biscotti secchi Fibrattiva - 420 g,"5,45 € / Kg","2,29€","Biscotti, cereali e dolci",Biscotti
Oro Saiwa Cruscoro - biscotti integrali 100% grano italiano con zucchero di canna e miele - 400g,"5,48 € / Kg","2,19€","Biscotti, cereali e dolci",Biscotti
Oro Saiwa Grano Fondente - biscotti integrali con pepite di Cioccolato fondente - 300g,"7,63 € / Kg","2,29€","Biscotti, cereali e dolci",Biscotti
Pavesi Gocciole Wild Biscotti con Gocce di Cioccolato e Farina Integrale 350g,"6,54 € / Kg","2,29€","Biscotti, cereali e dolci",Biscotti
Biscotti al Miele 10 Pratiche Monoporzioni 300 g Piacersi Conad,"5,83 € / Kg","1,75€","Biscotti, cereali e dolci",Biscotti
Frollini con Farina di Avena 300 g Piacersi Conad,"6,50 € / Kg","1,95€","Biscotti, cereali e dolci",Biscotti
Frollini con Farina Integrale e di Teff con Semi di Chia e Lino 300 g Conad,"5,63 € / Kg","1,69€","Biscotti, cereali e dolci",Biscotti
"Frollini con Farina Integrale, Quinoa, Miele e Zenzero 300 g Piacersi Conad","5,63 € / Kg","1,69€","Biscotti, cereali e dolci",Biscotti
Frollini con Frutti Rossi e Farina di Riso 6 x 50 g Piacersi Conad,"5,63 € / Kg","1,69€","Biscotti, cereali e dolci",Biscotti
Piacersi frollini con Gocce di Cioccolato 6 x 50 g Conad,"5,63 € / Kg","1,69€","Biscotti, cereali e dolci",Biscotti
"Artebianca Senza... Biscotti Senza Latte, Senza Uova 400 g","6,88 € / Kg","2,75€","Biscotti, cereali e dolci",Biscotti
"Balocco ZeroPiù 7 Cereali Corn Flakes 6 x 38,3 g","8,22 € / Kg","1,89€","Biscotti, cereali e dolci",Biscotti
Bistefani Krumiri Cacao - sacco 290g,"7,76 € / Kg","2,25€","Biscotti, cereali e dolci",Biscotti
Bistefani Krumiri Gocce - sacco 290g,"7,76 € / Kg","2,25€","Biscotti, cereali e dolci",Biscotti
Campiello è il Novellino con Latte Fresco e Miele d'Acacia 350 g,"6,83 € / Kg","2,39€","Biscotti, cereali e dolci",Biscotti
"Céréal, Biscotti Cuor di Nocciola, Senza Zuccheri Aggiunti, Senza Olio di Palma - 180 g","19,94 € / Kg","3,59€","Biscotti, cereali e dolci",Biscotti
Colussi Oswego 250 g,"4,60 € / Kg","1,15€","Biscotti, cereali e dolci",Biscotti
Galbusera BuoniCosì Senza Zuccheri aggiunti ai 4 Cereali e Ricco di Fibre 6 x 50 g,"7,63 € / Kg","2,29€","Biscotti, cereali e dolci",Biscotti
Galbusera BuoniCosì Senza Zuccheri aggiunti con Latte Intero e Farina Integrale 6 x 50 g,"7,63 € / Kg","2,29€","Biscotti, cereali e dolci",Biscotti
Galbusera BuoniCosì Senza Zuccheri aggiunti con Uova Fresche Italiane 6 x 55 g,"6,94 € / Kg","2,29€","Biscotti, cereali e dolci",Biscotti
"Galbusera Buonpertutti con Farine di Legumi con Gocce di Cioccolato e Granella di Mandorle 6 x 43,3g","10,58 € / Kg","2,75€","Biscotti, cereali e dolci",Biscotti
"Galbusera Cereali G Granola e Frolla con Albicocca, Arancia e Mandorle 300 g","7,30 € / Kg","2,19€","Biscotti, cereali e dolci",Biscotti
Galbusera ColCuore Ricchi di Fibre con Betaglucani* d'Orzo e d'Avena 6 x 50 g,"8,17 € / Kg","2,45€","Biscotti, cereali e dolci",Biscotti
"Galbusera Magretti i Leggeri con Gocce di Cioccolato 6 x 43,3 g","8,08 € / Kg","2,10€","Biscotti, cereali e dolci",Biscotti
"Galbusera Magretti i Leggeri con Orzo e Mais 6 x 58,3 g","7,69 € / Kg","2,69€","Biscotti, cereali e dolci",Biscotti
Galbusera Protein G 6 x 50 g,"8,30 € / Kg","2,49€","Biscotti, cereali e dolci",Biscotti
"Galbusera RisosuRiso Leggeri e croccanti con Cereali, Riso e Mele ""Mela di Valtellina IGP"" 240g","7,71 € / Kg","1,85€","Biscotti, cereali e dolci",Biscotti
"Galbusera RisosuRiso Leggeri e croccanti con Farina Integrale, Cereali, Riso e Cacao 220g","8,41 € / Kg","1,85€","Biscotti, cereali e dolci",Biscotti
"Galbusera ThéFroll 6 x 66,6 g","5,72 € / Kg","2,29€","Biscotti, cereali e dolci",Biscotti
"Galbusera Zalet 6 x 83,3 g","4,98 € / Kg","2,49€","Biscotti, cereali e dolci",Biscotti
Gran Cereale Biscotti con Pepite di Cioccolato e Fiocchi di Ceci e Mais Tubo 270g,"7,74 € / Kg","2,09€","Biscotti, cereali e dolci",Biscotti
Gran Cereale Croccante con Riso Tubo 230g,"6,30 € / Kg","1,45€","Biscotti, cereali e dolci",Biscotti
Gran Cereale Frutta Tubo 250g,"5,80 € / Kg","1,45€","Biscotti, cereali e dolci",Biscotti
Misura Biscotti Privolat Miele Millefiori 400g,"6,00 € / Kg","2,40€","Biscotti, cereali e dolci",Biscotti
"Misura Dolcesenza Mais, Riso e Fiocchi di Farro 300 g","7,17 € / Kg","2,15€","Biscotti, cereali e dolci",Biscotti
Misura Fibrextra Biscotti Integrali 330 g,"5,30 € / Kg","1,75€","Biscotti, cereali e dolci",Biscotti
Misura Privolat Gocce di Cioccolato 290 g,"7,90 € / Kg","2,29€","Biscotti, cereali e dolci",Biscotti
"Oro Saiwa biscotti integrali con vaniglia, latte e cereali Senza Zuccheri aggiunti - 300 g","7,63 € / Kg","2,29€","Biscotti, cereali e dolci",Biscotti
"Oro Saiwa Cioccoro - biscotti integrali con cacao, gocce di cioccolato, fiocchi d'avena - 300g","7,63 € / Kg","2,29€","Biscotti, cereali e dolci",Biscotti
Riso Scotti Si con Riso Senza Lattosio Biscotto con riso e cacao 350 g,"8,54 € / Kg","2,99€","Biscotti, cereali e dolci",Biscotti
Riso Scotti Si con Riso Senza Lattosio Biscotto con riso e gocce di cioccolato 350 g,"8,54 € / Kg","2,99€","Biscotti, cereali e dolci",Biscotti
Riso Scotti Si con Riso Senza Lattosio Biscotto Rustico con riso 350 g,"8,54 € / Kg","2,99€","Biscotti, cereali e dolci",Biscotti
Riso Scotti Si con Riso Senza Lattosio Frollino con riso 350 g,"8,54 € / Kg","2,99€","Biscotti, cereali e dolci",Biscotti
Alimentum Senza Glutine Frollini con yogurt e miele 400 g Conad,"7,45 € / Kg","2,98€","Biscotti, cereali e dolci",Biscotti
Biscotti per Latte 500 g Conad,"3,10 € / Kg","1,55€","Biscotti, cereali e dolci",Biscotti
Biscotti Petit 500 g Conad,"3,70 € / Kg","1,85€","Biscotti, cereali e dolci",Biscotti
Frollini al Farro con Gocce di Cioccolato Biologici 10 x 33 g Verso Natura Bio Conad,"7,55 € / Kg","2,49€","Biscotti, cereali e dolci",Biscotti
Frollini cacao e mandorle g 350 Conad,"4,54 € / Kg","1,59€","Biscotti, cereali e dolci",Biscotti
Frollini classici 400 g Alimentum Senza Glutine Conad,"8,12 € / Kg","3,25€","Biscotti, cereali e dolci",Biscotti
Frollini con cacao e gocce di Cioccolato 400 g Alimentum Senza Glutine Conad,"7,45 € / Kg","2,98€","Biscotti, cereali e dolci",Biscotti
Frollini con Cacao e Nocciole 350 g Conad,"5,11 € / Kg","1,79€","Biscotti, cereali e dolci",Biscotti
Frollini con Cacao e Nocciole 700 g Conad,"3,71 € / Kg","2,60€","Biscotti, cereali e dolci",Biscotti
Frollini con Cacao e Panna 350 g Conad,"5,11 € / Kg","1,79€","Biscotti, cereali e dolci",Biscotti
Frollini con cioccolato fondente 350g Conad,"4,83 € / Kg","1,69€","Biscotti, cereali e dolci",Biscotti
Frollini con farina integrale di Grano Saraceno 400 g Conad,"3,72 € / Kg","1,49€","Biscotti, cereali e dolci",Biscotti
Frollini con Gocce di Cioccolato 350 g Conad,"5,11 € / Kg","1,79€","Biscotti, cereali e dolci",Biscotti
Frollini con Gocce di Cioccolato 400 g Alimentum Senza Glutine Conad,"9,62 € / Kg","3,85€","Biscotti, cereali e dolci",Biscotti
Frollini con Gocce di Cioccolato 700 g Conad,"3,71 € / Kg","2,60€","Biscotti, cereali e dolci",Biscotti
Frollini con Granelli di Zucchero 800 g Conad,"2,86 € / Kg","2,29€","Biscotti, cereali e dolci",Biscotti
Frollini con granelli di zucchero g 400 Conad,"3,62 € / Kg","1,45€","Biscotti, cereali e dolci",Biscotti
Frollini con Panna 400 g Conad,"3,62 € / Kg","1,45€","Biscotti, cereali e dolci",Biscotti
Frollini con Panna 800 g Conad,"2,86 € / Kg","2,29€","Biscotti, cereali e dolci",Biscotti
Frollini con Riso e Latte 400 g Conad,"3,70 € / Kg","1,48€","Biscotti, cereali e dolci",Biscotti
Frollini con uova g.  400 Conad,"3,62 € / Kg","1,45€","Biscotti, cereali e dolci",Biscotti
Frollini con uova g.  800 Conad,"2,86 € / Kg","2,29€","Biscotti, cereali e dolci",Biscotti
I Rustici con farina di Riso e Cacao 500 g Conad,"4,78 € / Kg","2,39€","Biscotti, cereali e dolci",Biscotti
I Rustici con Grano Saraceno e Gocce di Cioccolato 500 g Conad,"4,78 € / Kg","2,39€","Biscotti, cereali e dolci",Biscotti
I Rustici con Zucchero di Canna 500 g Conad,"4,78 € / Kg","2,39€","Biscotti, cereali e dolci",Biscotti
Savoiardi Senza Glutine 175 g Alimentum Conad,"23,94 € / Kg","4,19€","Biscotti, cereali e dolci",Biscotti
Pavesi Gocciole Chocolate Biscotti con Gocce di Cioccolato 1000g,5.5 € / Kg,"3,49€","Biscotti, cereali e dolci",Biscotti
Artebianca Biscotti alla Soia 400 g,"6,88 € / Kg","2,75€","Biscotti, cereali e dolci",Biscotti
Artebianca Biscotti Fior di Riso 400 g,"6,88 € / Kg","2,75€","Biscotti, cereali e dolci",Biscotti
Balocco Gocciolotti 700 g,"4,27 € / Kg","2,99€","Biscotti, cereali e dolci",Biscotti
Balocco Pastefrolle 700 g,"2,93 € / Kg","2,05€","Biscotti, cereali e dolci",Biscotti
Balocco Zuppole 700 g,"2,93 € / Kg","2,05€","Biscotti, cereali e dolci",Biscotti
Bistefani Krumiri Classici - sacco 290g,"7,76 € / Kg","2,25€","Biscotti, cereali e dolci",Biscotti
Cabrioni Biscotti di Marola 650 g,"3,83 € / Kg","2,49€","Biscotti, cereali e dolci",Biscotti
Cabrioni Ciocofroll 650 g,"3,83 € / Kg","2,49€","Biscotti, cereali e dolci",Biscotti
Colussi il Granturchese 800 g,"4,25 € / Kg","3,40€","Biscotti, cereali e dolci",Biscotti
Colussi Zuppalatte 250 g,"4,60 € / Kg","1,15€","Biscotti, cereali e dolci",Biscotti
Doria Atene 500g Gardaland,"3,38 € / Kg","1,69€","Biscotti, cereali e dolci",Biscotti
Doria Bucaneve Maxigocce XL 300 g,"5,83 € / Kg","1,75€","Biscotti, cereali e dolci",Biscotti
Doria Bucanevica 200 g,"4,90 € / Kg","0,98€","Biscotti, cereali e dolci",Biscotti
Doria Bucanevica 400 g,"4,38 € / Kg","1,75€","Biscotti, cereali e dolci",Biscotti
Doria Semplicissimi Frollini Farina di Riso e Miele - sacco 400g,"4,88 € / Kg","1,95€","Biscotti, cereali e dolci",Biscotti
"Galbusera Ottocento 6 x 41,6 g","9,56 € / Kg","2,39€","Biscotti, cereali e dolci",Biscotti
"Galbusera ZeroGrano Senza Glutine con Miele Millefiori 6 x 36,7 g","12,68 € / Kg","2,79€","Biscotti, cereali e dolci",Biscotti
Grisbì Colazione Cioccolato 250 g,"11,56 € / Kg","2,89€","Biscotti, cereali e dolci",Biscotti
McVitie's Digestives the Original 400 g,"7,22 € / Kg","2,89€","Biscotti, cereali e dolci",Biscotti
Mulino Bianco Abbracci Biscotti con Cacao e Panna Fresca 700g,"6,27 € / Kg","4,39€","Biscotti, cereali e dolci",Biscotti
Mulino Bianco Batticuori Biscotti con Cacao e Cioccolato 350g,"6,83 € / Kg","2,39€","Biscotti, cereali e dolci",Biscotti
Mulino Bianco Biscotti Abbracci con panna e cacao 350g frollini,"6,83 € / Kg","2,39€","Biscotti, cereali e dolci",Biscotti
Mulino Bianco Biscotti Nascondini con Cioccolato croccante 330g,"7,24 € / Kg","2,39€","Biscotti, cereali e dolci",Biscotti
Mulino Bianco Biscotti Ritornelli con mandorle e cacao 700g,"6,27 € / Kg","4,39€","Biscotti, cereali e dolci",Biscotti
Mulino Bianco Biscotti Scacchieri Frolla con Caramello e Cioccolato 300g,"8,97 € / Kg","2,69€","Biscotti, cereali e dolci",Biscotti
Mulino Bianco Biscottone con Latte Fresco 100% Italiano 700g,"4,99 € / Kg","3,49€","Biscotti, cereali e dolci",Biscotti
Mulino Bianco Campagnole con Farina di Riso 700g,"4,99 € / Kg","3,49€","Biscotti, cereali e dolci",Biscotti
Mulino Bianco Cuor di Mela Biscotti con Mele 100% Italiane 300g,"7,17 € / Kg","2,15€","Biscotti, cereali e dolci",Biscotti
Mulino Bianco Galletti Biscotti con Latte Fresco 100% Italiano 350g,"5,11 € / Kg","1,79€","Biscotti, cereali e dolci",Biscotti
Mulino Bianco Galletti Biscotti con Latte Fresco 100% Italiano 800g,"4,36 € / Kg","3,49€","Biscotti, cereali e dolci",Biscotti
Mulino Bianco Girotondi Biscotti con Granelli di Zucchero di Canna 800g,"4,36 € / Kg","3,49€","Biscotti, cereali e dolci",Biscotti
Mulino Bianco Lentille Biscotti con Farina di Lenticchie e Mandorle in pezzi 220g,"10,41 € / Kg","2,29€","Biscotti, cereali e dolci",Biscotti
Mulino Bianco Macine Biscotti con Panna Fresca 800g,"4,36 € / Kg","3,49€","Biscotti, cereali e dolci",Biscotti
Mulino Bianco Macine con Panna Fresca 350g,"5,11 € / Kg","1,79€","Biscotti, cereali e dolci",Biscotti
Mulino Bianco Racconti di Biodiversità con latte fresco 330g,"7,24 € / Kg","2,39€","Biscotti, cereali e dolci",Biscotti
Mulino Bianco Rigoli con Miele millefiori italiano 800g,"4,36 € / Kg","3,49€","Biscotti, cereali e dolci",Biscotti
Mulino Bianco Schiaccianoci con frutta secca e Cioccolato fondente 300g,"8,97 € / Kg","2,69€","Biscotti, cereali e dolci",Biscotti
Mulino Bianco Tarallucci Biscotti con Uova Fresche 100% italiane 350g,"5,11 € / Kg","1,79€","Biscotti, cereali e dolci",Biscotti
Mulino Bianco Tarallucci Biscotti con Uova Fresche 100% italiane 800g,"4,36 € / Kg","3,49€","Biscotti, cereali e dolci",Biscotti
NESQUIK Biscotti frollini con Cacao 300 g,"9,97 € / Kg","2,99€","Biscotti, cereali e dolci",Biscotti
Nutella biscuits 166 g,"13,19 € / Kg","2,19€","Biscotti, cereali e dolci",Biscotti
Nutella Biscuits 304 g,"10,49 € / Kg","3,19€","Biscotti, cereali e dolci",Biscotti
Nutella biscuits 5 confezioni da 3 pezzi 207 g,"13,48 € / Kg","2,79€","Biscotti, cereali e dolci",Biscotti
Oro Saiwa biscotti secchi Classici - 500 g,"4,78 € / Kg","2,39€","Biscotti, cereali e dolci",Biscotti
Pan di Stelle Biscotto al Cacao Nocciole e Latte Fresco 100% italiano 700g,"6,27 € / Kg","4,39€","Biscotti, cereali e dolci",Biscotti
"Pan di Stelle Biscotto al cacao, nocciole e latte fresco 100% italiano - 350g","6,83 € / Kg","2,39€","Biscotti, cereali e dolci",Biscotti
Pavesi Gocciole Caramel Biscotti con Gocce di Cioccolato e Granella di Caramello 300g,"9,30 € / Kg","2,79€","Biscotti, cereali e dolci",Biscotti
Pavesi Gocciole Chocolate 500g,"5,78 € / Kg","2,89€","Biscotti, cereali e dolci",Biscotti
Pavesi Gocciole Coconut Biscotti con Gocce di Cioccolato Fondente e Cocco 320g,"7,16 € / Kg","2,29€","Biscotti, cereali e dolci",Biscotti
Pavesi Gocciole Extradark 400g,"7,22 € / Kg","2,89€","Biscotti, cereali e dolci",Biscotti
Schär Savoiardi 200 g,"16,95 € / Kg","3,39€","Biscotti, cereali e dolci",Biscotti
Tre Marie Ancora Uno Cioccolato in Frolla Krumiro 315 g,"7,90 € / Kg","2,49€","Biscotti, cereali e dolci",Biscotti
Tre Marie Ancora Uno Frolla con Caramello Salato e Cioccolato 315 g,"7,90 € / Kg","2,49€","Biscotti, cereali e dolci",Biscotti
Tre Marie Ancora Uno Frolla con Cioccolato in Pezzi 360 g,"6,92 € / Kg","2,49€","Biscotti, cereali e dolci",Biscotti
Wafer alla nocciola 4 x 50 g Alimentum Senza Glutine Conad,"12,75 € / Kg","2,55€","Biscotti, cereali e dolci",Biscotti
Wafer con Crema al Cacao 175 g Conad,"5,14 € / Kg","0,90€","Biscotti, cereali e dolci",Biscotti
Wafer con crema alla nocciola 175 g Conad,"5,14 € / Kg","0,90€","Biscotti, cereali e dolci",Biscotti
Wafer con Crema alla Vaniglia 175 g Conad,"5,14 € / Kg","0,90€","Biscotti, cereali e dolci",Biscotti
Wafer Snack con Crema al Cacao 5 confezioni 225 g Conad,"7,07 € / Kg","1,59€","Biscotti, cereali e dolci",Biscotti
Wafer Snack con Crema alla Nocciola 5 confezioni 225 g Conad,"7,07 € / Kg","1,59€","Biscotti, cereali e dolci",Biscotti
Galbusera BuoniCosì Senza Zuccheri aggiunti i Golosi con Golosa Crema Cacao e Vaniglia 175 g,"7,94 € / Kg","1,39€","Biscotti, cereali e dolci",Biscotti
Galbusera ZeroGrano Senza Glutine e Senza Lattosio* con Cioccolato 4 x 45 g,"13,06 € / Kg","2,35€","Biscotti, cereali e dolci",Biscotti
Loacker Wafer Classic Cremkakao con crema al cacao e cioccolato 175 g,"9,43 € / Kg","1,65€","Biscotti, cereali e dolci",Biscotti
Loacker Wafer Classic Cremkakao wafers con crema di cioccolato e cacao 45gx5,"13,11 € / Kg","2,95€","Biscotti, cereali e dolci",Biscotti
Loacker Wafer Classic Napolitaner 175g con crema alla nocciola,"9,43 € / Kg","1,65€","Biscotti, cereali e dolci",Biscotti
Loacker Wafer Classic Napolitaner wafers con crema alla nocciola 45gx5,"13,11 € / Kg","2,95€","Biscotti, cereali e dolci",Biscotti
Loacker Wafer Classic Vanilla wafers con crema alla vaniglia Bourbon 175g,"9,43 € / Kg","1,65€","Biscotti, cereali e dolci",Biscotti
Loacker Wafer Quadratini Napolitaner con crema alle nocciole 100% italiane tostate wafers 250 g,"12,36 € / Kg","3,09€","Biscotti, cereali e dolci",Biscotti
Loacker Wafer Thins Fondente con crema al Cioccolato wafers 150g,"11,00 € / Kg","1,65€","Biscotti, cereali e dolci",Biscotti
Tre Marie Ancora Uno Wafer Stracciatella 140 g,"8,93 € / Kg","1,25€","Biscotti, cereali e dolci",Biscotti
Baby Biscotto Biologico 640 g Conad,"7,27 € / Kg","4,65€","Biscotti, cereali e dolci",Biscotti
Plasmon il Biscotto 320 g,"11,53 € / Kg","3,69€","Biscotti, cereali e dolci",Biscotti
Plasmon il Biscotto 720 g,"9,71 € / Kg","6,99€","Biscotti, cereali e dolci",Biscotti
Plasmon il Biscotto dei bambini -30% di Zuccheri 240 g,"14,96 € / Kg","3,59€","Biscotti, cereali e dolci",Biscotti
Plasmon Primi Mesi Biscottino Biberon 600 g,"11,15 € / Kg","6,69€","Biscotti, cereali e dolci",Biscotti
Plasmon Primi Mesi Biscottino Granulato senza glutine 2 x 374 g,"9,69 € / Kg","7,25€","Biscotti, cereali e dolci",Biscotti
AMARETTI BENELLI SACCH.100g,"7,90 € / Kg","0,79€","Biscotti, cereali e dolci",Biscotti
AMARETTI BENELLI SACCH.300g,"6,50 € / Kg","1,95€","Biscotti, cereali e dolci",Biscotti
BISC.CIAMBEL.CASARECCE CORSI 750g,"2,92 € / Kg","2,19€","Biscotti, cereali e dolci",Biscotti
BISC.CIAMBEL.INTEGRALI CORSI 750g,"2,92 € / Kg","2,19€","Biscotti, cereali e dolci",Biscotti
BISC.DOEMI INTEGRALI SACCH.750g,"4,39 € / Kg","3,29€","Biscotti, cereali e dolci",Biscotti
BISC.DOEMI S/ZUCCH.INT.SACCH.500g,"6,50 € / Kg","3,25€","Biscotti, cereali e dolci",Biscotti
BISC.FROL.OTT.INTEGRALI DIVEL.400g,"4,38 € / Kg","1,75€","Biscotti, cereali e dolci",Biscotti
BISC.FROLETTI BATTISTINI 750g,"2,92 € / Kg","2,19€","Biscotti, cereali e dolci",Biscotti
BISC.INTEGRALI BATTISTINI 650g,"3,46 € / Kg","2,25€","Biscotti, cereali e dolci",Biscotti
BISC.PAIN CROUTE INTEG..LAZZAR.300g,"4,63 € / Kg","1,39€","Biscotti, cereali e dolci",Biscotti
BISC.SAR.COCCO S/L BIO S/G SARC200g,"17,45 € / Kg","3,49€","Biscotti, cereali e dolci",Biscotti
BISCOTTI FIOR LIMONE S/GL.BIO 200g,"15,75 € / Kg","3,15€","Biscotti, cereali e dolci",Biscotti
CONAD Gli Spicchi Arancia e Limone con Succo di Frutta 190 g,"6,26 € / Kg","1,19€","Biscotti, cereali e dolci",Caramelle e cioccolato
CONAD Le Classiche Menta 195 g,"6,10 € / Kg","1,19€","Biscotti, cereali e dolci",Caramelle e cioccolato
CONAD Le Gelées Frutta con Succo di Frutta 191 g,"7,80 € / Kg","1,49€","Biscotti, cereali e dolci",Caramelle e cioccolato
CONAD Le Gommose Frutta Senza Zuccheri 46 g,"23,70 € / Kg","1,09€","Biscotti, cereali e dolci",Caramelle e cioccolato
CONAD Le Gommose Liquirizia Senza Zuccheri 46 g,"23,70 € / Kg","1,09€","Biscotti, cereali e dolci",Caramelle e cioccolato
CONAD Le Gommose Menta Senza Zuccheri 46 g,"23,70 € / Kg","1,09€","Biscotti, cereali e dolci",Caramelle e cioccolato
CONAD Le Mou Latte 188 g,"6,33 € / Kg","1,19€","Biscotti, cereali e dolci",Caramelle e cioccolato
CONAD Le Mou Liquirizia 188 g,"6,33 € / Kg","1,19€","Biscotti, cereali e dolci",Caramelle e cioccolato
Sperlari Anice Dure all'Anice 200 g,8.2 € / Kg,"1,29€","Biscotti, cereali e dolci",Caramelle e cioccolato
Sperlari Goloso ripieno al Caffè 175 g,9.3 € / Kg,"1,29€","Biscotti, cereali e dolci",Caramelle e cioccolato
Sperlari Gran Gelées Frutti del Sole 175 g,9.3 € / Kg,"1,29€","Biscotti, cereali e dolci",Caramelle e cioccolato
Sperlari Gran Gelées Frutti Rossi 175 g,9.3 € / Kg,"1,29€","Biscotti, cereali e dolci",Caramelle e cioccolato
Alpenliebe Original 80 g,"18,12 € / Kg","1,45€","Biscotti, cereali e dolci",Caramelle e cioccolato
Ambrosoli Caramelle al Café paulista 150 g,"10,60 € / Kg","1,59€","Biscotti, cereali e dolci",Caramelle e cioccolato
Ambrosoli Caramelle Balsamiche al Miele 135 g,"11,78 € / Kg","1,59€","Biscotti, cereali e dolci",Caramelle e cioccolato
Ambrosoli Caramelle Classiche al Miele 230 g,"10,83 € / Kg","2,49€","Biscotti, cereali e dolci",Caramelle e cioccolato
Ambrosoli Caramelle Latte Miele 230 g,"10,83 € / Kg","2,49€","Biscotti, cereali e dolci",Caramelle e cioccolato
Chupa Chups The Best of Lollipops 10 x 12 g,"19,17 € / Kg","2,30€","Biscotti, cereali e dolci",Caramelle e cioccolato
Dal 1926 Perugia Fondenti Doppia Menta 175 g,"10,00 € / Kg","1,75€","Biscotti, cereali e dolci",Caramelle e cioccolato
Dal 1926 Perugia Fondenti Frutta 175 g,"10,00 € / Kg","1,75€","Biscotti, cereali e dolci",Caramelle e cioccolato
Dufour Big Frut Gelee Arancia - Limone - Mandarino - Pompelmo Rosa 150 g,"11,27 € / Kg","1,69€","Biscotti, cereali e dolci",Caramelle e cioccolato
Dufour Big Frut Gelee Fragolina di Bosco - Mirtillo - Lampone - Uva spina 150 g,"11,27 € / Kg","1,69€","Biscotti, cereali e dolci",Caramelle e cioccolato
Dufour Big Frut Gelee Limone - Mora - Fragola - Pesca 150 g,"11,27 € / Kg","1,69€","Biscotti, cereali e dolci",Caramelle e cioccolato
Dufour Primizie frutti assortiti gelée 150 g,"11,67 € / Kg","1,75€","Biscotti, cereali e dolci",Caramelle e cioccolato
Elah Assortite 150 g,"10,33 € / Kg","1,55€","Biscotti, cereali e dolci",Caramelle e cioccolato
Elah Cubik 150 g,"10,33 € / Kg","1,55€","Biscotti, cereali e dolci",Caramelle e cioccolato
Elah Kremcaramel 150 g,"10,33 € / Kg","1,55€","Biscotti, cereali e dolci",Caramelle e cioccolato
Elah Kremliquirizia 150 g,"10,33 € / Kg","1,55€","Biscotti, cereali e dolci",Caramelle e cioccolato
Fisherman's Friend Original 2 x 25 g,"45,80 € / Kg","2,29€","Biscotti, cereali e dolci",Caramelle e cioccolato
Frisk Clean Breath Peppermint 50 Mints 35 g,"56,86 € / Kg","1,99€","Biscotti, cereali e dolci",Caramelle e cioccolato
"Frisk Peppermint 5,7 g","173,68 € / Kg","0,99€","Biscotti, cereali e dolci",Caramelle e cioccolato
"Fruit-tella 1,2,3...Up! 175 g","7,37 € / Kg","1,29€","Biscotti, cereali e dolci",Caramelle e cioccolato
Fruit-tella Crazymix 175 g,"6,80 € / Kg","1,19€","Biscotti, cereali e dolci",Caramelle e cioccolato
Fruit-tella Fruit Gelée 180 g,"9,72 € / Kg","1,75€","Biscotti, cereali e dolci",Caramelle e cioccolato
Fruit-tella Fruit Mix 200 g,"11,00 € / Kg","2,20€","Biscotti, cereali e dolci",Caramelle e cioccolato
Galatine Tavolette al Latte 125 g,"18,00 € / Kg","2,25€","Biscotti, cereali e dolci",Caramelle e cioccolato
Golia Activ Plus 146 g,"33,56 € / Kg","4,90€","Biscotti, cereali e dolci",Caramelle e cioccolato
Golia Activ plus 2 x 46 g,"28,80 € / Kg","2,65€","Biscotti, cereali e dolci",Caramelle e cioccolato
Golia alle Erbe Alpine Liquirizia 49 g,"34,69 € / Kg","1,70€","Biscotti, cereali e dolci",Caramelle e cioccolato
Golia alle Erbe Eucaliptolo 49 g,"34,69 € / Kg","1,70€","Biscotti, cereali e dolci",Caramelle e cioccolato
Golia alle Erbe Eucaliptolo 60 g,"29,83 € / Kg","1,79€","Biscotti, cereali e dolci",Caramelle e cioccolato
Golia Bianca 160 g,"14,31 € / Kg","2,29€","Biscotti, cereali e dolci",Caramelle e cioccolato
Golia Gommose Morbide alla Liquirizia 160 g,"14,31 € / Kg","2,29€","Biscotti, cereali e dolci",Caramelle e cioccolato
Gran Golia Gommose Morbide alla Liquirizia 160 g,"14,31 € / Kg","2,29€","Biscotti, cereali e dolci",Caramelle e cioccolato
Haribo Ciucciotti Fr!zzi 175 g,"7,94 € / Kg","1,39€","Biscotti, cereali e dolci",Caramelle e cioccolato
Haribo Coccodrì 175 g,"7,94 € / Kg","1,39€","Biscotti, cereali e dolci",Caramelle e cioccolato
Haribo Cocobat 175 g,"7,94 € / Kg","1,39€","Biscotti, cereali e dolci",Caramelle e cioccolato
Haribo Dark Mix 175 g,"7,94 € / Kg","1,39€","Biscotti, cereali e dolci",Caramelle e cioccolato
Haribo Happy Cola 175 g,"7,94 € / Kg","1,39€","Biscotti, cereali e dolci",Caramelle e cioccolato
Haribo Happy-Cola Fr!zzi 175 g,"7,94 € / Kg","1,39€","Biscotti, cereali e dolci",Caramelle e cioccolato
Haribo Kimono 175 g,"7,94 € / Kg","1,39€","Biscotti, cereali e dolci",Caramelle e cioccolato
Haribo Orsetti d'Oro 175 g,"7,94 € / Kg","1,39€","Biscotti, cereali e dolci",Caramelle e cioccolato
Haribo Polka 175 g,"7,94 € / Kg","1,39€","Biscotti, cereali e dolci",Caramelle e cioccolato
Haribo Rotella 175 g,"7,94 € / Kg","1,39€","Biscotti, cereali e dolci",Caramelle e cioccolato
Haribo Starmix 175 g,"7,94 € / Kg","1,39€","Biscotti, cereali e dolci",Caramelle e cioccolato
Haribo Tagada 175 g,"7,94 € / Kg","1,39€","Biscotti, cereali e dolci",Caramelle e cioccolato
Haribo Zenzero Limone 175 g,"7,94 € / Kg","1,39€","Biscotti, cereali e dolci",Caramelle e cioccolato
My Dietorelle Gommose Limone 70 g,"22,71 € / Kg","1,59€","Biscotti, cereali e dolci",Caramelle e cioccolato
My Dietorelle Gommose Limone Mora Arancia e Fragola 140 g,"19,93 € / Kg","2,79€","Biscotti, cereali e dolci",Caramelle e cioccolato
My Dietorelle Gommose Liquirizia 70 g,"22,71 € / Kg","1,59€","Biscotti, cereali e dolci",Caramelle e cioccolato
My Dietorelle Gommose Menta 70 g,"22,71 € / Kg","1,59€","Biscotti, cereali e dolci",Caramelle e cioccolato
Ricola Eucaliptolo 70 g,"26,43 € / Kg","1,85€","Biscotti, cereali e dolci",Caramelle e cioccolato
Ricola l'Originale 70 g,"26,43 € / Kg","1,85€","Biscotti, cereali e dolci",Caramelle e cioccolato
Ricola l'Originale 78 g,"23,72 € / Kg","1,85€","Biscotti, cereali e dolci",Caramelle e cioccolato
Ricola Melissa Limoncella 70 g,"26,43 € / Kg","1,85€","Biscotti, cereali e dolci",Caramelle e cioccolato
Rossana 175 g,"10,00 € / Kg","1,75€","Biscotti, cereali e dolci",Caramelle e cioccolato
Rossana Gocce Pino 175 g,"10,57 € / Kg","1,85€","Biscotti, cereali e dolci",Caramelle e cioccolato
Saila alla Menta Piemontese Confetti teneri 100 g,"15,50 € / Kg","1,55€","Biscotti, cereali e dolci",Caramelle e cioccolato
Saila con 100% Liquirizia Italiana Confetti teneri 100 g,"15,50 € / Kg","1,55€","Biscotti, cereali e dolci",Caramelle e cioccolato
Skittles Fruits 160 g,"10,00 € / Kg","1,60€","Biscotti, cereali e dolci",Caramelle e cioccolato
Sperlari Gran Gelées Frutti del Sole 400 g,"5,62 € / Kg","2,25€","Biscotti, cereali e dolci",Caramelle e cioccolato
Tic tac Agrumi Mix 49 g,"39,80 € / Kg","1,95€","Biscotti, cereali e dolci",Caramelle e cioccolato
Tic tac Berry Mix 49 g,"39,80 € / Kg","1,95€","Biscotti, cereali e dolci",Caramelle e cioccolato
Tic tac Fruity Mix 18 g,"52,22 € / Kg","0,94€","Biscotti, cereali e dolci",Caramelle e cioccolato
Tic tac Fruity Mix 49 g,"39,80 € / Kg","1,95€","Biscotti, cereali e dolci",Caramelle e cioccolato
Tic tac Mint 18 g,"52,22 € / Kg","0,94€","Biscotti, cereali e dolci",Caramelle e cioccolato
Tic tac Mint 200 confetti 98 g,"30,51 € / Kg","2,99€","Biscotti, cereali e dolci",Caramelle e cioccolato
Tic tac Mint 49 g,"39,80 € / Kg","1,95€","Biscotti, cereali e dolci",Caramelle e cioccolato
Tic tac Orange 18 g,"52,22 € / Kg","0,94€","Biscotti, cereali e dolci",Caramelle e cioccolato
Tic tac Orange 49 g,"39,80 € / Kg","1,95€","Biscotti, cereali e dolci",Caramelle e cioccolato
Tic tac Strawberry Mix 18 g,"52,22 € / Kg","0,94€","Biscotti, cereali e dolci",Caramelle e cioccolato
Tic tac Strawberry Mix 49 g,"39,80 € / Kg","1,95€","Biscotti, cereali e dolci",Caramelle e cioccolato
Big Babol Aroma Tutti Frutti 3 x 37 g,"15,23 € / Kg","1,69€","Biscotti, cereali e dolci",Caramelle e cioccolato
Chupa Chups Big babol Magic Cubes 86 g,"19,65 € / Kg","1,69€","Biscotti, cereali e dolci",Caramelle e cioccolato
Daygum Insta White 2 x 22 g,"79,32 € / Kg","3,49€","Biscotti, cereali e dolci",Caramelle e cioccolato
Mentos Pure Fresh Fresh Mint con Xilitolo 50 Confetti 100 g,"31,50 € / Kg","3,15€","Biscotti, cereali e dolci",Caramelle e cioccolato
Vigorsol Air Action 135 g,"38,15 € / Kg","5,15€","Biscotti, cereali e dolci",Caramelle e cioccolato
Vigorsol Original Chewing Gum 5 Packs 75 g,"39,87 € / Kg","2,99€","Biscotti, cereali e dolci",Caramelle e cioccolato
Vivident Fresh Blast Ice Mint Menthol 2 x 30 g,"52,50 € / Kg","3,15€","Biscotti, cereali e dolci",Caramelle e cioccolato
Vivident Fruit Blast Strawberry Lime 2 x 30 g,"52,50 € / Kg","3,15€","Biscotti, cereali e dolci",Caramelle e cioccolato
Vivident Ice 2 x 27 g,"55,37 € / Kg","2,99€","Biscotti, cereali e dolci",Caramelle e cioccolato
"Vivident Xylit Green Mint 5 Packs 67,5 g","38,52 € / Kg","2,60€","Biscotti, cereali e dolci",Caramelle e cioccolato
Vivident Xylit Spearmint 104 g,"40,29 € / Kg","4,19€","Biscotti, cereali e dolci",Caramelle e cioccolato
Vivident Xylit Spearmint 2 x 30 g,"49,83 € / Kg","2,99€","Biscotti, cereali e dolci",Caramelle e cioccolato
Lindt Lindor Cioccolatini assortiti Cioccolato fondente Scatola regalo San Valentino 96 g,67.5 € / Kg,"4,99€","Biscotti, cereali e dolci",Caramelle e cioccolato
Lindt Lindor Cioccolatini Cioccolato al latte Scatola regalo San Valentino 178 g,60.9 € / Kg,"4,99€","Biscotti, cereali e dolci",Caramelle e cioccolato
Lindt Lindor Cioccolatini Cioccolato al latte Scatola regalo San Valentino 96 g,67.5 € / Kg,"4,99€","Biscotti, cereali e dolci",Caramelle e cioccolato
4 Raffaello 40 g,"48,75 € / Kg","1,95€","Biscotti, cereali e dolci",Caramelle e cioccolato
BACI PERUGINA Classico Cioccolatini Fondenti Ripieni al Gianduia e Nocciole Scatola Cuore 100 g,"64,90 € / Kg","6,49€","Biscotti, cereali e dolci",Caramelle e cioccolato
BACI PERUGINA Classico Cioccolatini Fondenti Ripieni al Gianduia e Nocciole Tubo 125 g,"47,12 € / Kg","5,89€","Biscotti, cereali e dolci",Caramelle e cioccolato
BACI PERUGINA Classico Cioccolatini ripieni al gianduia e nocciola intera Scatola 200 g,"33,45 € / Kg","6,69€","Biscotti, cereali e dolci",Caramelle e cioccolato
BACI PERUGINA Classico Cioccolatini ripieni al gianduia e nocciola intera scatola 325g,"30,74 € / Kg","9,99€","Biscotti, cereali e dolci",Caramelle e cioccolato
Bounty Miniatures 130g,"13,85 € / Kg","1,80€","Biscotti, cereali e dolci",Caramelle e cioccolato
Kinder Schoko-Bons 46 g,"21,74 € / Kg","1,00€","Biscotti, cereali e dolci",Caramelle e cioccolato
Kinder Sorpresa 20 g,"69,50 € / Kg","1,39€","Biscotti, cereali e dolci",Caramelle e cioccolato
Kinder Sorpresa Disney Avatar 3 x 20 g,"54,83 € / Kg","3,29€","Biscotti, cereali e dolci",Caramelle e cioccolato
Kinder Sorpresa Hot Wheels 3 x 20 g,"53,17 € / Kg","3,19€","Biscotti, cereali e dolci",Caramelle e cioccolato
Kinder Zag Heroez Miraculous World 3 x 20 g,"54,83 € / Kg","3,29€","Biscotti, cereali e dolci",Caramelle e cioccolato
Lindt Cioccolatini Lindor Cioccolato al latte Pistacchio Scatola 200 g,"34,45 € / Kg","6,89€","Biscotti, cereali e dolci",Caramelle e cioccolato
Mars miniatures 130 g,"13,85 € / Kg","1,80€","Biscotti, cereali e dolci",Caramelle e cioccolato
Mon Chéri 30 pezzi 315 g,"23,97 € / Kg","7,55€","Biscotti, cereali e dolci",Caramelle e cioccolato
Novi Cuadro Classico 150 g,"25,27 € / Kg","3,79€","Biscotti, cereali e dolci",Caramelle e cioccolato
Novi Cuadro Noir 150 g,"25,27 € / Kg","3,79€","Biscotti, cereali e dolci",Caramelle e cioccolato
Novi Cuadro Pistacchio 150 g,"25,27 € / Kg","3,79€","Biscotti, cereali e dolci",Caramelle e cioccolato
Novi Gianduiotti 150 g,"39,93 € / Kg","5,99€","Biscotti, cereali e dolci",Caramelle e cioccolato
Novi Gianduiotti Classico 160 g,"23,69 € / Kg","3,79€","Biscotti, cereali e dolci",Caramelle e cioccolato
Novi Mini Fondentenero 160 g,"24,31 € / Kg","3,89€","Biscotti, cereali e dolci",Caramelle e cioccolato
PERUGINA Grifo Assortito Cioccolatini di cioccolato fondente e al latte sacchetto 200g,"17,95 € / Kg","3,59€","Biscotti, cereali e dolci",Caramelle e cioccolato
Pocket Coffee espresso Classico 18 Pezzi 225 g,"21,29 € / Kg","4,79€","Biscotti, cereali e dolci",Caramelle e cioccolato
Pocket Coffee espresso Classico 32 pezzi 400 g,"18,73 € / Kg","7,49€","Biscotti, cereali e dolci",Caramelle e cioccolato
Oro Ciok Pocket Mini biscotti ripieni di crema al cacao magro - 4 x 40 g,"11,88 € / Kg","1,90€","Biscotti, cereali e dolci",Caramelle e cioccolato
Oro Saiwa Vitasnella Barrette ai cereali integrali Mirtilli Rossi e Nocciole - 4 x 40 g,"15,56 € / Kg","2,49€","Biscotti, cereali e dolci",Caramelle e cioccolato
Cioccolato al Latte 100 g Conad,"9,80 € / Kg","0,98€","Biscotti, cereali e dolci",Caramelle e cioccolato
Cioccolato al Latte 200 g Conad,"7,90 € / Kg","1,58€","Biscotti, cereali e dolci",Caramelle e cioccolato
Cioccolato Bianco 100 g Conad,"9,80 € / Kg","0,98€","Biscotti, cereali e dolci",Caramelle e cioccolato
Cioccolato fondente biologico g 100 Verso Natura Equo Conad,"12,90 € / Kg","1,29€","Biscotti, cereali e dolci",Caramelle e cioccolato
Cioccolato Fondente Extra 50% Cacao 100 g Conad,"9,80 € / Kg","0,98€","Biscotti, cereali e dolci",Caramelle e cioccolato
Cioccolato Fondente Extra 50% Cacao 200 g Conad,"7,90 € / Kg","1,58€","Biscotti, cereali e dolci",Caramelle e cioccolato
Cioccolato fondente noir g 100 Conad,"10,90 € / Kg","1,09€","Biscotti, cereali e dolci",Caramelle e cioccolato
Cioccolato latte biologico g 100 Verso Natura Equo Conad,"12,90 € / Kg","1,29€","Biscotti, cereali e dolci",Caramelle e cioccolato
Fondente Blocco 500 g Conad,"7,98 € / Kg","3,99€","Biscotti, cereali e dolci",Caramelle e cioccolato
Fondente con Arancia 100 g Sapori & Idee Conad,"17,50 € / Kg","1,75€","Biscotti, cereali e dolci",Caramelle e cioccolato
Fondente Extra 78% Cacao 100 g Conad,"19,90 € / Kg","1,99€","Biscotti, cereali e dolci",Caramelle e cioccolato
Fondente Extra 85% Cacao 100 g Conad,"19,90 € / Kg","1,99€","Biscotti, cereali e dolci",Caramelle e cioccolato
Fondente Extra 90% Cacao 100 g Conad,"19,90 € / Kg","1,99€","Biscotti, cereali e dolci",Caramelle e cioccolato
Gianduia con Nocciole 100 g Sapori & Idee Conad,"17,50 € / Kg","1,75€","Biscotti, cereali e dolci",Caramelle e cioccolato
Nocciolato al Latte con Nocciole Intere 130 g Conad,"13,46 € / Kg","1,75€","Biscotti, cereali e dolci",Caramelle e cioccolato
Nocciolato Bianco con Nocciole Intere 130 g Conad,"13,46 € / Kg","1,75€","Biscotti, cereali e dolci",Caramelle e cioccolato
Nocciolato Fondente con Nocciole Intere 130 g Conad,"13,46 € / Kg","1,75€","Biscotti, cereali e dolci",Caramelle e cioccolato
Novi al Latte Intenso Cioccolato al Latte Superiore 100 g,15.7 € / Kg,"0,99€","Biscotti, cereali e dolci",Caramelle e cioccolato
Novi Bianco 100 g,15.7 € / Kg,"0,99€","Biscotti, cereali e dolci",Caramelle e cioccolato
Novi Fondentenero 100 g,15.7 € / Kg,"0,99€","Biscotti, cereali e dolci",Caramelle e cioccolato
Novi Fondentenero Ripieno 105 g,14.9 € / Kg,"0,99€","Biscotti, cereali e dolci",Caramelle e cioccolato
Novi Gianduja 100 g,15.7 € / Kg,"0,99€","Biscotti, cereali e dolci",Caramelle e cioccolato
Novi Mandorle Intere Cioccolato al Latte Finissimo con Mandorle Intere di Sicilia 100 g,15.7 € / Kg,"0,99€","Biscotti, cereali e dolci",Caramelle e cioccolato
Novi Nero Nero con Arancia e Granella di Mandorle 70% Cacao 75g,19.8 € / Kg,"1,19€","Biscotti, cereali e dolci",Caramelle e cioccolato
Novi Nero Nero con Cristalli alla Menta 70% Cacao 75g,19.8 € / Kg,"1,19€","Biscotti, cereali e dolci",Caramelle e cioccolato
Novi Nero Nero con Lamponi e Granella di Mandorle 70% Cacao 75g,19.8 € / Kg,"1,19€","Biscotti, cereali e dolci",Caramelle e cioccolato
Novi Nero Nero con Limone e Cristalli di Zenzero 70% Cacao 75g,19.8 € / Kg,"1,19€","Biscotti, cereali e dolci",Caramelle e cioccolato
Novi Nero Nero con Mirtilli e Granella di Mandorle 70% Cacao 75g,19.8 € / Kg,"1,19€","Biscotti, cereali e dolci",Caramelle e cioccolato
Novi Nero Nero con Pistacchio Croccante 70% Cacao 75g,19.8 € / Kg,"1,19€","Biscotti, cereali e dolci",Caramelle e cioccolato
Novi NeroNero 70% Cacao Delicato Extra Fondente 75 g,19.8 € / Kg,"1,19€","Biscotti, cereali e dolci",Caramelle e cioccolato
Novi NeroNero 70% Cacao Extra Fondente Arricchito con Granella di Cacao 75 g,19.8 € / Kg,"1,19€","Biscotti, cereali e dolci",Caramelle e cioccolato
Novi NeroNero 75% Cacao Aromatico Ecuador Extra Fondente 75 g,19.8 € / Kg,"1,19€","Biscotti, cereali e dolci",Caramelle e cioccolato
Novi NeroNero 80% Cacao Intenso Extra Fondente 75 g,19.8 € / Kg,"1,19€","Biscotti, cereali e dolci",Caramelle e cioccolato
Novi NeroNero 88% Cacao Vigoroso Extra Fondente 75 g,19.8 € / Kg,"1,19€","Biscotti, cereali e dolci",Caramelle e cioccolato
Novi NeroNero 99% Cacao Assoluto Extra Fondente 75 g,27.2 € / Kg,"1,59€","Biscotti, cereali e dolci",Caramelle e cioccolato
Novi Noisette Cioccolato al Latte Finissimo con Nocciole 100 g,15.7 € / Kg,"0,99€","Biscotti, cereali e dolci",Caramelle e cioccolato
Novi Noisette Fondente Cioccolato Fondente Extra con Nocciole 100 g,15.7 € / Kg,"0,99€","Biscotti, cereali e dolci",Caramelle e cioccolato
Ferrero Rocher Dark 55%** Nocciola 90 g,"22,11 € / Kg","1,99€","Biscotti, cereali e dolci",Caramelle e cioccolato
"Kinder Cioccolato 8 x 12,5 g","16,50 € / Kg","1,65€","Biscotti, cereali e dolci",Caramelle e cioccolato
Lindt Excellence 70% Cacao Fondente Intenso 100 g,"19,50 € / Kg","1,95€","Biscotti, cereali e dolci",Caramelle e cioccolato
Lindt Excellence 85% Cacao Fondente Deciso 100 g,"19,50 € / Kg","1,95€","Biscotti, cereali e dolci",Caramelle e cioccolato
Lindt Excellence 90% Cacao Fondente Prodigioso 100 g,"23,90 € / Kg","2,39€","Biscotti, cereali e dolci",Caramelle e cioccolato
Lindt Excellence Orange Intense Fondente 100 g,"19,50 € / Kg","1,95€","Biscotti, cereali e dolci",Caramelle e cioccolato
Lindt Excellence Poire Intense Noir 100 g,"19,50 € / Kg","1,95€","Biscotti, cereali e dolci",Caramelle e cioccolato
Lindt Excellence Tavoletta Cioccolato Fondente 70% Delicato 100 g,"19,50 € / Kg","1,95€","Biscotti, cereali e dolci",Caramelle e cioccolato
Lindt Excellence Tavoletta Cioccolato Fondente 99% 50 g,"47,80 € / Kg","2,39€","Biscotti, cereali e dolci",Caramelle e cioccolato
Lindt Excellence Tavoletta Cioccolato Fondente Fico 100 g,"19,50 € / Kg","1,95€","Biscotti, cereali e dolci",Caramelle e cioccolato
Lindt Excellence Tavoletta Cioccolato Fondente Limone e Zenzero 100 g,"19,50 € / Kg","1,95€","Biscotti, cereali e dolci",Caramelle e cioccolato
Lindt Excellence Tavoletta Cioccolato Fondente Mango 100 g,"22,00 € / Kg","2,20€","Biscotti, cereali e dolci",Caramelle e cioccolato
Lindt Excellence Tavoletta Cioccolato Fondente Peperoncino 100 g,"19,50 € / Kg","1,95€","Biscotti, cereali e dolci",Caramelle e cioccolato
Lindt Extra Fondente 72% Cacao 100 g,"18,50 € / Kg","1,85€","Biscotti, cereali e dolci",Caramelle e cioccolato
Lindt Fondente Classico 100 g,"18,50 € / Kg","1,85€","Biscotti, cereali e dolci",Caramelle e cioccolato
Lindt Fondente con Nocciole Intere 100 g,"21,90 € / Kg","2,19€","Biscotti, cereali e dolci",Caramelle e cioccolato
Lindt Gamme Bleue Tavoletta Cioccolato al latte Pistacchio 90 g,"24,33 € / Kg","2,19€","Biscotti, cereali e dolci",Caramelle e cioccolato
Lindt Gamme Bleue Tavoletta Cioccolato al latte Tre cereali 100 g,"21,90 € / Kg","2,19€","Biscotti, cereali e dolci",Caramelle e cioccolato
Lindt Gamme Bleue Tavoletta Cioccolato alle nocciole Cioccolato al latte 200 g,"18,25 € / Kg","3,65€","Biscotti, cereali e dolci",Caramelle e cioccolato
Lindt Gamme Bleue Tavoletta Cioccolato bianco 100  g,"18,50 € / Kg","1,85€","Biscotti, cereali e dolci",Caramelle e cioccolato
Lindt Gamme Bleue Tavoletta Cioccolato fondente Mandorle 100 g,"21,90 € / Kg","2,19€","Biscotti, cereali e dolci",Caramelle e cioccolato
Lindt Gamme Bleue Tavoletta Cioccolato fondente Uvetta mandorle e nocciole 100 g,"21,90 € / Kg","2,19€","Biscotti, cereali e dolci",Caramelle e cioccolato
Lindt Gamme Bleue Tavoletta Mandorle nocciole e noci pecan Cioccolato al latte 100 g,"21,90 € / Kg","2,19€","Biscotti, cereali e dolci",Caramelle e cioccolato
Lindt Latte 100 g,"18,50 € / Kg","1,85€","Biscotti, cereali e dolci",Caramelle e cioccolato
Lindt Lindor Latte 100 g,"21,90 € / Kg","2,19€","Biscotti, cereali e dolci",Caramelle e cioccolato
Lindt Lindor Tavoletta Cioccolato al latte Caramello 100 g,"21,90 € / Kg","2,19€","Biscotti, cereali e dolci",Caramelle e cioccolato
Lindt Lindor Tavoletta Doppio Cioccolato 100 g,"21,90 € / Kg","2,19€","Biscotti, cereali e dolci",Caramelle e cioccolato
M&m's Chocolate 165 g,"15,70 € / Kg","2,59€","Biscotti, cereali e dolci",Caramelle e cioccolato
M&m's Peanut 165 g,"15,70 € / Kg","2,59€","Biscotti, cereali e dolci",Caramelle e cioccolato
Milka al latte delle Alpi 100 g,"11,90 € / Kg","1,19€","Biscotti, cereali e dolci",Caramelle e cioccolato
Milka con nocciole 100 g,"11,90 € / Kg","1,19€","Biscotti, cereali e dolci",Caramelle e cioccolato
"Milka Cuore Tenero, tavoletta di cioccolato al latte 100% Alpino con ripieno al cacao - 100g","11,90 € / Kg","1,19€","Biscotti, cereali e dolci",Caramelle e cioccolato
Milka Oreo 100 g,"11,90 € / Kg","1,19€","Biscotti, cereali e dolci",Caramelle e cioccolato
Milka tavoletta di cioccolato al latte 100% alpino con riso soffiato -  100g,"11,90 € / Kg","1,19€","Biscotti, cereali e dolci",Caramelle e cioccolato
Nestlé Galak Tavoletta di cioccolato bianco 100g,"12,50 € / Kg","1,25€","Biscotti, cereali e dolci",Caramelle e cioccolato
Novi al Latte Classico 100 g,"10,90 € / Kg","1,09€","Biscotti, cereali e dolci",Caramelle e cioccolato
Novi Fondente 100 g,"10,90 € / Kg","1,09€","Biscotti, cereali e dolci",Caramelle e cioccolato
Novi Fondente 52% Cacao Cioccolato Fondente Extra 200 g,"10,45 € / Kg","2,09€","Biscotti, cereali e dolci",Caramelle e cioccolato
Novi Fondentenero Nocciolato 130 g,"20,69 € / Kg","2,69€","Biscotti, cereali e dolci",Caramelle e cioccolato
Novi Nocciolato 130 g,"20,69 € / Kg","2,69€","Biscotti, cereali e dolci",Caramelle e cioccolato
Novi Nocciolato Bianco 130 g,"20,69 € / Kg","2,69€","Biscotti, cereali e dolci",Caramelle e cioccolato
Novi Nocciolato Fondente 130 g,"20,69 € / Kg","2,69€","Biscotti, cereali e dolci",Caramelle e cioccolato
Novi Nocciolato Fondente 230 g,"18,65 € / Kg","4,29€","Biscotti, cereali e dolci",Caramelle e cioccolato
Novi Nocciolato Latte 130 g,"20,69 € / Kg","2,69€","Biscotti, cereali e dolci",Caramelle e cioccolato
Novi Novibloc Cioccolato Fondente Extra 150 g,"11,27 € / Kg","1,69€","Biscotti, cereali e dolci",Caramelle e cioccolato
PERUGINA Fondente Extra 70% Tavoletta di Cioccolato Fondente Extra 70% 80 g,"13,13 € / Kg","1,05€","Biscotti, cereali e dolci",Caramelle e cioccolato
PERUGINA Fondente Extra Tavoletta di Cioccolato Fondente 80 g,"13,13 € / Kg","1,05€","Biscotti, cereali e dolci",Caramelle e cioccolato
PERUGINA GranBlocco Cioccolato Fondente Extra 70% 150g,"12,33 € / Kg","1,85€","Biscotti, cereali e dolci",Caramelle e cioccolato
PERUGINA Nero Fondente Extra 70% Tavoletta Cioccolato Fondente 85g,"18,24 € / Kg","1,55€","Biscotti, cereali e dolci",Caramelle e cioccolato
Perugina Nero Fondente Extra 85% Tavoletta di Cioccolato fondente extra con 85% di cacao 85g,"18,24 € / Kg","1,55€","Biscotti, cereali e dolci",Caramelle e cioccolato
Perugina Nero Fondente Extra Pistacchio Tavoletta di Cioccolato fondente con pistacchio 85g,"18,24 € / Kg","1,55€","Biscotti, cereali e dolci",Caramelle e cioccolato
Raffaello Cocco e Mandorla 90 g,"22,11 € / Kg","1,99€","Biscotti, cereali e dolci",Caramelle e cioccolato
Ritter Sport Bianco con Nocciole Intere 100 g,"15,90 € / Kg","1,59€","Biscotti, cereali e dolci",Caramelle e cioccolato
Ritter Sport Fondente 100 g,"13,90 € / Kg","1,39€","Biscotti, cereali e dolci",Caramelle e cioccolato
Ritter Sport Fondente con Nocciole Intere 100 g,"15,90 € / Kg","1,59€","Biscotti, cereali e dolci",Caramelle e cioccolato
Zàini Emilia Cioccolato Bianco 200 g,"13,25 € / Kg","2,65€","Biscotti, cereali e dolci",Caramelle e cioccolato
Zàini Emilia Cioccolato Fondente Extra 200 g,"10,45 € / Kg","2,09€","Biscotti, cereali e dolci",Caramelle e cioccolato
"Alimentum Senza Glutine Barretta con grano saraceno al mirtillo 6 x 33,3 g Conad","14,90 € / Kg","2,98€","Biscotti, cereali e dolci",Caramelle e cioccolato
"Alimentum Senza Glutine Biscotto con crema al cacao 6 x 33,3 g Conad","14,90 € / Kg","2,98€","Biscotti, cereali e dolci",Caramelle e cioccolato
Biscotto con Cioccolato al Latte 10 x 25 g Conad,"8,60 € / Kg","2,15€","Biscotti, cereali e dolci",Caramelle e cioccolato
Piacersi Barrette di riso e frumento integrale con Cioccolato Fondente 6 Barrette 138 g Conad,"11,23 € / Kg","1,55€","Biscotti, cereali e dolci",Caramelle e cioccolato
Piacersi Barrette di riso e frumento integrale con Frutti Rossi 6 Barrette 138 g Conad,"11,23 € / Kg","1,55€","Biscotti, cereali e dolci",Caramelle e cioccolato
Piacersi Biscotto ai cereali ripieno di Crema alla Yogurt 5 x 50 g Conad,"7,96 € / Kg","1,99€","Biscotti, cereali e dolci",Caramelle e cioccolato
"FITNESS Choco Banana Barrette di cereali con cioccolato al latte e banana 6 pezzi da 23,5g",18.6 € / Kg,"1,99€","Biscotti, cereali e dolci",Caramelle e cioccolato
FITNESS CHOCO HAZELNUT Barretta di cereali integrali con cioccolato e al gusto nocciola 6 pezzi,19.4 € / Kg,"1,99€","Biscotti, cereali e dolci",Caramelle e cioccolato
Fitness Cioccolato Barrette di cereali con frumento integrale e cioccolato 6 pezzi,18.6 € / Kg,"1,99€","Biscotti, cereali e dolci",Caramelle e cioccolato
Fitness Frutti Rossi Barretta di cereali con frumento integrale e frutti rossi 6 pezzi,18.6 € / Kg,"1,99€","Biscotti, cereali e dolci",Caramelle e cioccolato
Gran Cereale 5 barrette di cereali Nocciole e Cioccolato Fondente 135g,21.8 € / Kg,"1,00€","Biscotti, cereali e dolci",Caramelle e cioccolato
M&m's Chocolate 200 g,12.4 € / Kg,"2,09€","Biscotti, cereali e dolci",Caramelle e cioccolato
M&m's Crispy 170 g,14.6 € / Kg,"2,09€","Biscotti, cereali e dolci",Caramelle e cioccolato
M&m's Peanut 200 g,12.4 € / Kg,"2,09€","Biscotti, cereali e dolci",Caramelle e cioccolato
Oro Ciok con Tavoletta di Cioccolato alla Nocciola 10 x 25 g,11.9 € / Kg,"2,29€","Biscotti, cereali e dolci",Caramelle e cioccolato
Oro Ciok con Tavoletta di Cioccolato Fondente 8 x 25 g,14.9 € / Kg,"2,29€","Biscotti, cereali e dolci",Caramelle e cioccolato
Oro Ciok Latte 10 x 25 g,11.9 € / Kg,"2,29€","Biscotti, cereali e dolci",Caramelle e cioccolato
Céréal BuoniSenza Golosi al cioccolato bianco 6 x 20 g,"22,42 € / Kg","2,69€","Biscotti, cereali e dolci",Caramelle e cioccolato
"Céréal, Crackers BuoniSenza Golosi al cioccolato fondente, senza glutine, senza lievito - 6 x 17 g","26,37 € / Kg","2,69€","Biscotti, cereali e dolci",Caramelle e cioccolato
Duplo Nocciolato 26 g,"26,54 € / Kg","0,69€","Biscotti, cereali e dolci",Caramelle e cioccolato
Ferrero duplo Nocciolato 7 x 26 g,"17,53 € / Kg","3,19€","Biscotti, cereali e dolci",Caramelle e cioccolato
Ferrero Tronky Nocciola 18 g,"32,78 € / Kg","0,59€","Biscotti, cereali e dolci",Caramelle e cioccolato
Ferrero Tronky Nocciola 5 x 18 g,"22,11 € / Kg","1,99€","Biscotti, cereali e dolci",Caramelle e cioccolato
Fiorentini Croccantini di Sesamo 2 x 60 g,"15,42 € / Kg","1,85€","Biscotti, cereali e dolci",Caramelle e cioccolato
Fiorentini Croccantini di Sesamo con Cioccolato 2 x 60 g,"14,58 € / Kg","1,75€","Biscotti, cereali e dolci",Caramelle e cioccolato
Fiorentini Zenzero Break 2 x 33 g,"27,12 € / Kg","1,79€","Biscotti, cereali e dolci",Caramelle e cioccolato
"FITNESS Cookies&Cream Barrette di Cereali con Biscotti al Cacao e Cioccolato Bianco 4 pezzi da 23,5g","21,17 € / Kg","1,99€","Biscotti, cereali e dolci",Caramelle e cioccolato
"FITNESS Crunchy Caramel Barrette di cereali con cioccolato e caramello 4 pezzi da 23,5g","21,17 € / Kg","1,99€","Biscotti, cereali e dolci",Caramelle e cioccolato
Galbusera BuoniCosì Senza Zuccheri aggiunti i Golosi con Deliziosa Crema alla Vaniglia 4 Snack 160 g,"11,19 € / Kg","1,79€","Biscotti, cereali e dolci",Caramelle e cioccolato
Gran Cereale 5 barrette di cereali Mandorle e Mirtilli Rossi 135g,"20,37 € / Kg","2,75€","Biscotti, cereali e dolci",Caramelle e cioccolato
Gran Cereale Barrette di Cereali con Grano Mandorle e Semi di Zucca 135g,"20,37 € / Kg","2,75€","Biscotti, cereali e dolci",Caramelle e cioccolato
Gran Cereale Barrette di Cereali Frutta Secca Cioccolato Fondente e Mirtilli Rossi 120g,"22,92 € / Kg","2,75€","Biscotti, cereali e dolci",Caramelle e cioccolato
Gran Cereale Barrette di Cereali Frutta Secca Semi di Zucca Mandorle e Quinoa Soffiata 120g,"22,92 € / Kg","2,75€","Biscotti, cereali e dolci",Caramelle e cioccolato
Hero Light Cioccolato 6 x 20 g,"18,75 € / Kg","2,25€","Biscotti, cereali e dolci",Caramelle e cioccolato
Hero Light Nocciole 6 x 20 g,"18,75 € / Kg","2,25€","Biscotti, cereali e dolci",Caramelle e cioccolato
Kellogg's All-Bran Cioccolato 6 x 40 g,"10,21 € / Kg","2,45€","Biscotti, cereali e dolci",Caramelle e cioccolato
Kellogg's Barretta Mandorle e Caramello al sale marino 4 x 32 g,"21,48 € / Kg","2,75€","Biscotti, cereali e dolci",Caramelle e cioccolato
Kellogg's Barretta Mandorle e Cioccolato 4 x 32 g,"21,48 € / Kg","2,75€","Biscotti, cereali e dolci",Caramelle e cioccolato
Kellogg's Barretta Mandorle e Cioccolato al latte 4 x 32 g,"21,48 € / Kg","2,75€","Biscotti, cereali e dolci",Caramelle e cioccolato
Kellogg's Barretta Mandorle e Frutta 4 x 32 g,"21,48 € / Kg","2,75€","Biscotti, cereali e dolci",Caramelle e cioccolato
"Kellogg's Barretta Mandorle, Miele e Semi 4 x 32 g","21,48 € / Kg","2,75€","Biscotti, cereali e dolci",Caramelle e cioccolato
Kellogg's Coco pops 6 x 20 g,"17,42 € / Kg","2,09€","Biscotti, cereali e dolci",Caramelle e cioccolato
"Kellogg's Krave Stix Choco Nut 5 x 20,5 g","22,33 € / Kg","2,29€","Biscotti, cereali e dolci",Caramelle e cioccolato
"Kellogg's Special K Cioccolato Fondente 6 x 21,5 g","18,99 € / Kg","2,45€","Biscotti, cereali e dolci",Caramelle e cioccolato
Kellogg's Special K con Cioccolato Belga al Latte 6 x 20 g,"20,42 € / Kg","2,45€","Biscotti, cereali e dolci",Caramelle e cioccolato
"Kellogg's Special K Frutti Rossi 6 x 21,5 g","18,99 € / Kg","2,45€","Biscotti, cereali e dolci",Caramelle e cioccolato
"Kellogg's Special K Protein 23% Cocco, cacao e anacardi 4 x 28 g","21,88 € / Kg","2,45€","Biscotti, cereali e dolci",Caramelle e cioccolato
Kellogg's Special K Protein 23% Ribes nero e semi di zucca 4 x 28 g,"21,88 € / Kg","2,45€","Biscotti, cereali e dolci",Caramelle e cioccolato
Kinder bueno 2 pezzi 43 g,"23,02 € / Kg","0,99€","Biscotti, cereali e dolci",Caramelle e cioccolato
Kinder bueno 3 x 43 g,"17,44 € / Kg","2,25€","Biscotti, cereali e dolci",Caramelle e cioccolato
Kinder bueno 6 x 43 g,"15,47 € / Kg","3,99€","Biscotti, cereali e dolci",Caramelle e cioccolato
Kinder bueno Mini 108 g,"18,52 € / Kg","2,00€","Biscotti, cereali e dolci",Caramelle e cioccolato
Kinder bueno White 2 pezzi 39 g,"25,38 € / Kg","0,99€","Biscotti, cereali e dolci",Caramelle e cioccolato
Kinder bueno White 3 x 39 g,"18,72 € / Kg","2,19€","Biscotti, cereali e dolci",Caramelle e cioccolato
"Kinder Cards 5 x 12,8 g","17,11 € / Kg","2,19€","Biscotti, cereali e dolci",Caramelle e cioccolato
"Kinder Cereali 10 x 23,5 g","17,83 € / Kg","4,19€","Biscotti, cereali e dolci",Caramelle e cioccolato
"Kinder Cereali 2 x 23,5 g","23,19 € / Kg","1,09€","Biscotti, cereali e dolci",Caramelle e cioccolato
"Kinder Cereali 6 x 23,5 g","21,21 € / Kg","2,99€","Biscotti, cereali e dolci",Caramelle e cioccolato
"Kinder Cioccolato 16 x 12,5 g","15,75 € / Kg","3,15€","Biscotti, cereali e dolci",Caramelle e cioccolato
"Kinder Cioccolato 4 x 12,5 g","21,00 € / Kg","1,05€","Biscotti, cereali e dolci",Caramelle e cioccolato
Kinder Cioccolato mini 120 g,"16,67 € / Kg","2,00€","Biscotti, cereali e dolci",Caramelle e cioccolato
"Kinder Happy Hippo Nocciola 5 x 20,7 g","20,19 € / Kg","2,09€","Biscotti, cereali e dolci",Caramelle e cioccolato
Kinder Maxi 10 x 21 g,"15,00 € / Kg","3,15€","Biscotti, cereali e dolci",Caramelle e cioccolato
Kinder Maxi 6 x 21 g,"18,97 € / Kg","2,39€","Biscotti, cereali e dolci",Caramelle e cioccolato
LION Barrette ai cereali integrali con cioccolato e caramello 6 snack da 25 g,"16,60 € / Kg","2,49€","Biscotti, cereali e dolci",Caramelle e cioccolato
Loacker Choco & Cereals Barretta di wafer e cioccolato al latte con crema al cioccolato 3 x 25 g,"19,87 € / Kg","1,49€","Biscotti, cereali e dolci",Caramelle e cioccolato
Loacker Milk & Cereals Barretta di wafer e cioccolato al latte con crema al latte 3 x 25 g,"19,87 € / Kg","1,49€","Biscotti, cereali e dolci",Caramelle e cioccolato
Loacker Tortina Original Wafer ricoperto di cioccolato al latte con crema al cacao 3 x 21 g,"32,54 € / Kg","2,05€","Biscotti, cereali e dolci",Caramelle e cioccolato
Loacker Tortina Triple Chocolate Wafer ricoperto di cioccolato fondente con crema al cacao 3 x 21 g,"32,54 € / Kg","2,05€","Biscotti, cereali e dolci",Caramelle e cioccolato
Mars 6 x 45 g,"8,48 € / Kg","2,29€","Biscotti, cereali e dolci",Caramelle e cioccolato
"Milka Choco Wafer, merenda al cioccolato al latte - 180g","13,06 € / Kg","2,35€","Biscotti, cereali e dolci",Caramelle e cioccolato
"Misura Fibrextra Avena, Riso, Mais e Cioccolato 3 x 27 g","32,10 € / Kg","2,60€","Biscotti, cereali e dolci",Caramelle e cioccolato
"Misura Natura Ricca Fichi, Semi di Girasole e Mandorle 3 x 22 g","39,39 € / Kg","2,60€","Biscotti, cereali e dolci",Caramelle e cioccolato
"Misura Natura Ricca Semi di Girasole, Anacardi e Cioccolato 3 x 28 g","30,95 € / Kg","2,60€","Biscotti, cereali e dolci",Caramelle e cioccolato
Mulino Bianco Baiocchi 260g,"9,96 € / Kg","2,59€","Biscotti, cereali e dolci",Caramelle e cioccolato
Mulino Bianco Baiocchi al Pistacchio 240g,"14,38 € / Kg","3,45€","Biscotti, cereali e dolci",Caramelle e cioccolato
Mulino Bianco Baiocchi Biscotti Snack Farciti con Crema al Pistacchio 168g,"15,42 € / Kg","2,59€","Biscotti, cereali e dolci",Caramelle e cioccolato
Mulino Bianco Baiocchi Choco 144g,"15,90 € / Kg","2,29€","Biscotti, cereali e dolci",Caramelle e cioccolato
Mulino Bianco Baiocchi con Crema alla Nocciola e Cacao 168 g,"10,06 € / Kg","1,69€","Biscotti, cereali e dolci",Caramelle e cioccolato
Mulino Bianco Baiocchi con Crema alla Nocciola e Cacao 336 g,"9,67 € / Kg","3,25€","Biscotti, cereali e dolci",Caramelle e cioccolato
"Nesquik Maxi Choco Barrette di cereali con cioccolato al latte, vitamine, calcio e ferro 6 pezzi","11,67 € / Kg","1,75€","Biscotti, cereali e dolci",Caramelle e cioccolato
"NESTLÉ KitKat Dark Wafer croccante ricoperto da Cioccolato fondente 70% 3 snack da 41,5 g","16,47 € / Kg","2,05€","Biscotti, cereali e dolci",Caramelle e cioccolato
"NESTLÉ KitKat Family Pack Wafer ricoperto di Cioccolato al Latte 9 snack da 20,7g","11,00 € / Kg","2,05€","Biscotti, cereali e dolci",Caramelle e cioccolato
"Nestlé Kitkat Original Wafer ricoperto di cioccolato al latte 3 snack da 41,5g","16,47 € / Kg","2,05€","Biscotti, cereali e dolci",Caramelle e cioccolato
"NESTLÉ KitKat White Wafer ricoperto di Cioccolato bianco 3 snack da 41,5 g","16,47 € / Kg","2,05€","Biscotti, cereali e dolci",Caramelle e cioccolato
NESTLÉ Smarties Confetti ripieni di Cioccolato al Latte 3 tubi 34 g,"22,06 € / Kg","2,25€","Biscotti, cereali e dolci",Caramelle e cioccolato
Nippon 200 g,"7,25 € / Kg","1,45€","Biscotti, cereali e dolci",Caramelle e cioccolato
Noberasco Bio Barretta con Cranberry e Mirtilli Neri 30 g,"49,67 € / Kg","1,49€","Biscotti, cereali e dolci",Caramelle e cioccolato
"Noberasco Bio Barretta con Goji, Physalis e Mirtilli 30 g","49,67 € / Kg","1,49€","Biscotti, cereali e dolci",Caramelle e cioccolato
Noberasco Bio Barretta con Mango e Gelso Nero 30 g,"49,67 € / Kg","1,49€","Biscotti, cereali e dolci",Caramelle e cioccolato
Noberasco Bio Barretta con Melograno Noci Pecan e Noci del Brasile 30 g,"49,67 € / Kg","1,49€","Biscotti, cereali e dolci",Caramelle e cioccolato
"Oreo Double Creme, biscotti con doppia crema alla vaniglia - 157g","7,58 € / Kg","1,19€","Biscotti, cereali e dolci",Caramelle e cioccolato
"Oreo Mini, piccoli biscotti con crema alla vaniglia - 4x40g","11,81 € / Kg","1,89€","Biscotti, cereali e dolci",Caramelle e cioccolato
Oreo Original 154 g,"6,17 € / Kg","0,95€","Biscotti, cereali e dolci",Caramelle e cioccolato
"Oreo Original, edizione speciale Oreo Xbox 220 g","7,27 € / Kg","1,60€","Biscotti, cereali e dolci",Caramelle e cioccolato
"Oro Cereal Snack Arancia, soffice barretta con ripieno all'arancia - 162g","13,89 € / Kg","2,25€","Biscotti, cereali e dolci",Caramelle e cioccolato
"Oro Cereal Snack Prugna, soffice barretta con ripieno alla prugna - 162g","13,89 € / Kg","2,25€","Biscotti, cereali e dolci",Caramelle e cioccolato
Oro Ciok Barrette al cioccolato al latte -  6 x 27 g,"11,73 € / Kg","1,90€","Biscotti, cereali e dolci",Caramelle e cioccolato
Oro Saiwa Vitasnella Barrette ai cereali integrali con cioccolato fondente e nocciole - 4 x 40 g,"15,56 € / Kg","2,49€","Biscotti, cereali e dolci",Caramelle e cioccolato
Oro Saiwa Vitasnella Cereal Yo Original 253 g,"8,50 € / Kg","2,15€","Biscotti, cereali e dolci",Caramelle e cioccolato
Pan di Stelle Biscocrema 168g,"18,39 € / Kg","3,09€","Biscotti, cereali e dolci",Caramelle e cioccolato
Pick Up! Choco & Milk 4 x 28 g,"16,87 € / Kg","1,89€","Biscotti, cereali e dolci",Caramelle e cioccolato
Pick Up! Original 4 x 28 g,"16,87 € / Kg","1,89€","Biscotti, cereali e dolci",Caramelle e cioccolato
Ringo Cacao Biscotti Farciti con Crema Cacao Snack Merenda Tubo 165g,"9,03 € / Kg","1,49€","Biscotti, cereali e dolci",Caramelle e cioccolato
Ringo Cereali Croccanti Biscotti Farciti con Crema al Cocco Snack Merenda 6 porzioni 156g,"10,58 € / Kg","1,65€","Biscotti, cereali e dolci",Caramelle e cioccolato
Ringo Limited Edition PlayStation con crema Cacao - Snack merenda - 6 porzioni da 6 biscotti 330g,"7,85 € / Kg","2,59€","Biscotti, cereali e dolci",Caramelle e cioccolato
Ringo Limited Edition PlayStation con Crema Vaniglia - Snack per merenda - Tubo da 165g,"9,03 € / Kg","1,49€","Biscotti, cereali e dolci",Caramelle e cioccolato
"Ringo Nocciola, Biscotti Farciti con Crema Nocciola e Cioccolato, Snack merenda 6 porzioni 330g","7,85 € / Kg","2,59€","Biscotti, cereali e dolci",Caramelle e cioccolato
Ringo Snack Bisco Cioc con Latte Italiano 162g,"15,99 € / Kg","2,59€","Biscotti, cereali e dolci",Caramelle e cioccolato
Ringo Vaniglia Biscotti Farciti con Crema Vaniglia Snack Merenda 6 porzioni 330g,"7,85 € / Kg","2,59€","Biscotti, cereali e dolci",Caramelle e cioccolato
"Riso Scotti Si con Riso Senza Lattosio Barretta con riso e gocce di cioccolato 4 x 21,5 g","34,77 € / Kg","2,99€","Biscotti, cereali e dolci",Caramelle e cioccolato
Riso Scotti Si con Riso Senza Lattosio Barretta ripiena al mirtillo 6 x 27 g,"18,46 € / Kg","2,99€","Biscotti, cereali e dolci",Caramelle e cioccolato
Twix 3 x (2 x 25 g),"9,67 € / Kg","1,45€","Biscotti, cereali e dolci",Caramelle e cioccolato
Zuegg Fruttino Snack-Break Cotogna 4 x 40 g,"9,69 € / Kg","1,55€","Biscotti, cereali e dolci",Caramelle e cioccolato
BEV.DOLCE FRUTTA BIRIKINO 4x60ml,"6,21 € / L","1,49€","Biscotti, cereali e dolci",Caramelle e cioccolato
CAR.GELATINA D.CIDNEO SACH.200g,"14,25 € / Kg","2,85€","Biscotti, cereali e dolci",Caramelle e cioccolato
CAR.STELLE COL.D.CIDNEO SACH.300g,"9,50 € / Kg","2,85€","Biscotti, cereali e dolci",Caramelle e cioccolato
CAR.TOFFEE LIQ.SP.ITAL.BST 100g,"15,50 € / Kg","1,55€","Biscotti, cereali e dolci",Caramelle e cioccolato
GOM.FRAGOLOTTI D.CIDNEO SACH.300g,"9,50 € / Kg","2,85€","Biscotti, cereali e dolci",Caramelle e cioccolato
LIQUIRIZIA ASSORTITA CIDNEO 80g,"49,88 € / Kg","3,99€","Biscotti, cereali e dolci",Caramelle e cioccolato
DAYGUM PROTEX 2x30g,"3,19 € / conf","3,19€","Biscotti, cereali e dolci",Caramelle e cioccolato
VIG. AA AST. MTI 2X24 AMICI,"59,07 € / Kg","3,19€","Biscotti, cereali e dolci",Caramelle e cioccolato
VIG. AA XTREME MTI 5X24 AMICI,"49,85 € / Kg","3,29€","Biscotti, cereali e dolci",Caramelle e cioccolato
VIG. AIR ACT. MTI 5X24 AMICI,"49,85 € / Kg","3,29€","Biscotti, cereali e dolci",Caramelle e cioccolato
VIG. BLACK ICE MTI 5X24 AMICI,"49,85 € / Kg","3,29€","Biscotti, cereali e dolci",Caramelle e cioccolato
CONFETT.MND.ASSORT.CIDNEO SACH.250g,"17,60 € / Kg","4,40€","Biscotti, cereali e dolci",Caramelle e cioccolato
CREMA CAFFE' MOKICO FOODNESS 125g,"13,20 € / Kg","1,65€","Biscotti, cereali e dolci",Caramelle e cioccolato
GHIACCIOLO SENSOFREDDO DOLFIN 420ml,"6,22 € / L","2,49€","Biscotti, cereali e dolci",Caramelle e cioccolato
LA GRANITA SENSOFR.ARANC.DOLF.200ml,"11,25 € / L","2,25€","Biscotti, cereali e dolci",Caramelle e cioccolato
LA GRANITA SENSOFR.FRAG.DOLF.200ml,"11,25 € / L","2,25€","Biscotti, cereali e dolci",Caramelle e cioccolato
LA GRANITA SENSOFR.MANDOR.DOLF200ml,"11,25 € / L","2,25€","Biscotti, cereali e dolci",Caramelle e cioccolato
LA GRANITA SENSOFR.MENTA DOLF.200ml,"11,25 € / L","2,25€","Biscotti, cereali e dolci",Caramelle e cioccolato
POLARETTI BIMBA ASS.X10 420ml,"6,22 € / L","2,49€","Biscotti, cereali e dolci",Caramelle e cioccolato
POLARETTI FRUIT ASS.X10 420ml,"6,22 € / L","2,49€","Biscotti, cereali e dolci",Caramelle e cioccolato
POLARETTI HAPPY SUMMER X10 420ml,"5,93 € / L","2,49€","Biscotti, cereali e dolci",Caramelle e cioccolato
SORB.SENSOFR.LIMONE DOLFIN 2X100ml,"11,25 € / L","2,25€","Biscotti, cereali e dolci",Caramelle e cioccolato
TAV.NOVI LATTE RIP.PISTACCHIO 105g,14.9 € / Kg,"0,99€","Biscotti, cereali e dolci",Caramelle e cioccolato
BAR.BENLIAN ROCKY RIS/CIOC.LAT90g,"18,78 € / Kg","1,69€","Biscotti, cereali e dolci",Caramelle e cioccolato
BARRETTE PROT.NOCC.S/G SARCHIO 135g,"33,26 € / Kg","4,49€","Biscotti, cereali e dolci",Caramelle e cioccolato
BOTTON D'ORO AI CECI VALLEDORO 200g,"8,75 € / Kg","1,75€","Biscotti, cereali e dolci",Caramelle e cioccolato
GAL.RISO CIOC.F.BIO S/GL SARCH.100g,"28,50 € / Kg","2,85€","Biscotti, cereali e dolci",Caramelle e cioccolato
GAL.RISO CIOC.L.BIO S/GL SARCH.100g,"28,50 € / Kg","2,85€","Biscotti, cereali e dolci",Caramelle e cioccolato
SU GUTTIAU CLASSICO SNACK BST 70g,"2,00 € / Kg","1,40€","Biscotti, cereali e dolci",Caramelle e cioccolato
CONAD VERSO NATURA Bio Granola con Cioccolato Biologica 400 g,10.9 € / Kg,"3,79€","Biscotti, cereali e dolci",Cereali prima colazione
Granola con Frutta Secca Biologica 400 g Verso Natura Bio Conad,11.0 € / Kg,"3,79€","Biscotti, cereali e dolci",Cereali prima colazione
Cereali croccanti ripieni di crema al cioccolato e nocciole 375g Conad,"7,07 € / Kg","2,65€","Biscotti, cereali e dolci",Cereali prima colazione
"Fiocchi di frumento integrale e riso con frutta arricchiti con 8 vitamine, ferro e zinco 325g Conad","6,43 € / Kg","2,09€","Biscotti, cereali e dolci",Cereali prima colazione
Fiocchi di riso e frumento integrale con Cioccolato Fondente 300 g Conad,"7,50 € / Kg","2,25€","Biscotti, cereali e dolci",Cereali prima colazione
Fiocchi di riso e frumento integrale con Frutti Rossi 300 g Piacersi Conad,"7,50 € / Kg","2,25€","Biscotti, cereali e dolci",Cereali prima colazione
Palline al Cacao con frumento integrale 375 g Conad,"5,04 € / Kg","1,89€","Biscotti, cereali e dolci",Cereali prima colazione
Petali al Cacao 375 g Conad,"5,04 € / Kg","1,89€","Biscotti, cereali e dolci",Cereali prima colazione
"Nesquik Duo Palline con cereali integrali, cacao e Cioccolato bianco 325g",7.2 € / Kg,"1,99€","Biscotti, cereali e dolci",Cereali prima colazione
NESQUIK Palline con cereali integrali e cacao 375 g,8.7 € / Kg,"1,99€","Biscotti, cereali e dolci",Cereali prima colazione
CHEERIOS Miele Ciambelline ai 5 cereali integrali con miele 375 g,"5,84 € / Kg","2,19€","Biscotti, cereali e dolci",Cereali prima colazione
COOKIE CRISP Cereali a forma di biscotto cookie 260g,"6,50 € / Kg","1,69€","Biscotti, cereali e dolci",Cereali prima colazione
Fitness Cioccolato Cereali con frumento e avena integrali e fiocchi ricoperti al Cioccolato 375g,"8,77 € / Kg","3,29€","Biscotti, cereali e dolci",Cereali prima colazione
Fitness Cioccolato Fondente Cereali con frumento e avena integrali e fiocchi al Cioccolato 375g,"8,77 € / Kg","3,29€","Biscotti, cereali e dolci",Cereali prima colazione
Gran Cereale Granola Croccante e Mandorle 320g,"10,91 € / Kg","3,49€","Biscotti, cereali e dolci",Cereali prima colazione
Kellogg's All-Bran Prebiotic con Avena Almond & Pumpkin Seeds 380 g,"8,13 € / Kg","3,09€","Biscotti, cereali e dolci",Cereali prima colazione
Kellogg's Coco pops Barchette 365 g,"9,56 € / Kg","3,49€","Biscotti, cereali e dolci",Cereali prima colazione
Kellogg's Coco pops Palline 365 g,"9,56 € / Kg","3,49€","Biscotti, cereali e dolci",Cereali prima colazione
Kellogg's Coco pops Risetti 365 g,"9,56 € / Kg","3,49€","Biscotti, cereali e dolci",Cereali prima colazione
Kellogg's Krave Choco Nut Flavour 410 g,"8,02 € / Kg","3,29€","Biscotti, cereali e dolci",Cereali prima colazione
Kellogg's Krave Choco Roulette 410 g,"8,02 € / Kg","3,29€","Biscotti, cereali e dolci",Cereali prima colazione
Kellogg's Krave Milk Choco 410 g,"8,02 € / Kg","3,29€","Biscotti, cereali e dolci",Cereali prima colazione
Kellogg's miel pops loops 330 g,"10,58 € / Kg","3,49€","Biscotti, cereali e dolci",Cereali prima colazione
Kellogg's Special K Dark Chocolate 290 g,"10,66 € / Kg","3,09€","Biscotti, cereali e dolci",Cereali prima colazione
Kellogg's Special K Granola con Avena Dark Chocolate 320 g,"9,34 € / Kg","2,99€","Biscotti, cereali e dolci",Cereali prima colazione
Kellogg's Special K Granola con Avena Mixed Berries 320 g,"9,34 € / Kg","2,99€","Biscotti, cereali e dolci",Cereali prima colazione
"Kellogg's Special K Protein Berries, Granola & Seeds 320 g","10,91 € / Kg","3,49€","Biscotti, cereali e dolci",Cereali prima colazione
"Kellogg's Special K Protein Nuts, Granola & Seeds 330 g","10,58 € / Kg","3,49€","Biscotti, cereali e dolci",Cereali prima colazione
Kellogg's Special K Red Fruits 290 g,"10,66 € / Kg","3,09€","Biscotti, cereali e dolci",Cereali prima colazione
LION Cereali con cioccolato e caramello 400 g,"6,38 € / Kg","2,55€","Biscotti, cereali e dolci",Cereali prima colazione
Oreo O's Cereal 350 g,"11,40 € / Kg","3,99€","Biscotti, cereali e dolci",Cereali prima colazione
Pan di Stelle Cereali Croccanti al Cacao e Dolci Stelle di Riso e Frumento 325g,"10,12 € / Kg","3,29€","Biscotti, cereali e dolci",Cereali prima colazione
CONAD Piacersi Muesli con Cioccolato Fondente e Nocciole 300 g,"11,63 € / Kg","3,49€","Biscotti, cereali e dolci",Cereali prima colazione
Muesli con more di gelso 300g Verso Natura Bio,"11,30 € / Kg","3,39€","Biscotti, cereali e dolci",Cereali prima colazione
Müesli Croccante all'Avena 375 g Conad,"6,27 € / Kg","2,35€","Biscotti, cereali e dolci",Cereali prima colazione
Müesli croccante con cioccolato fondente e nocciole g 375 Conad,"6,27 € / Kg","2,35€","Biscotti, cereali e dolci",Cereali prima colazione
Cameo Vitalis il Müesli Croccante Double Chocolate 310 g,"10,48 € / Kg","3,25€","Biscotti, cereali e dolci",Cereali prima colazione
Cameo Vitalis il Müesli Croccante Miele e Mandorle 310 g,"10,48 € / Kg","3,25€","Biscotti, cereali e dolci",Cereali prima colazione
Cameo Vitalis il Müesli Croccante Mix di Frutta 310 g,"10,48 € / Kg","3,25€","Biscotti, cereali e dolci",Cereali prima colazione
Cameo Vitalis il Müesli Senza Zuccheri Aggiunti* Croccante Classico 300 g,"10,83 € / Kg","3,25€","Biscotti, cereali e dolci",Cereali prima colazione
Kellogg's Extra Cioccolato al Latte 375 g,"8,51 € / Kg","3,19€","Biscotti, cereali e dolci",Cereali prima colazione
Kellogg's Extra Cioccolato e Nocciole 375 g,"8,51 € / Kg","3,19€","Biscotti, cereali e dolci",Cereali prima colazione
Kellogg's Extra Frutti Rossi 375 g,"8,51 € / Kg","3,19€","Biscotti, cereali e dolci",Cereali prima colazione
Kellogg's Extra Original 375 g,"8,51 € / Kg","3,19€","Biscotti, cereali e dolci",Cereali prima colazione
Corn Flakes  Senza Glutine 375 g Alimentum Conad,"5,84 € / Kg","2,19€","Biscotti, cereali e dolci",Cereali prima colazione
Corn Flakes Classici 375 g Conad,"3,87 € / Kg","1,45€","Biscotti, cereali e dolci",Cereali prima colazione
Corn Flakes Glassati 375 g Conad,"4,77 € / Kg","1,79€","Biscotti, cereali e dolci",Cereali prima colazione
Farro soffiato g 100 Verso Natura Bio Conad,"12,90 € / Kg","1,29€","Biscotti, cereali e dolci",Cereali prima colazione
Fiocchi di Avena Biologici 350 g Verso Natura Bio Conad,"4,54 € / Kg","1,59€","Biscotti, cereali e dolci",Cereali prima colazione
Fiocchi di riso e frumento integrale 375 g Conad,"5,20 € / Kg","1,95€","Biscotti, cereali e dolci",Cereali prima colazione
Riso Soffiato Biologico 100 g Verso Natura Bio Conad,"12,90 € / Kg","1,29€","Biscotti, cereali e dolci",Cereali prima colazione
FITNESS ORIGINAL Cereali con frumento e avena integrali 375g,"7,97 € / Kg","2,99€","Biscotti, cereali e dolci",Cereali prima colazione
Kellogg's All-Bran Fibre Plus 500 g,"7,80 € / Kg","3,90€","Biscotti, cereali e dolci",Cereali prima colazione
Kellogg's Corn Flakes 375 g,"6,11 € / Kg","2,29€","Biscotti, cereali e dolci",Cereali prima colazione
Kellogg's Frosties 375 g,"8,13 € / Kg","3,05€","Biscotti, cereali e dolci",Cereali prima colazione
Kellogg's Nice Morning 500 g,"4,98 € / Kg","2,49€","Biscotti, cereali e dolci",Cereali prima colazione
Kellogg's Rice Krispies 340 g,"8,79 € / Kg","2,99€","Biscotti, cereali e dolci",Cereali prima colazione
Kellogg's Special K Classic 450 g,"7,53 € / Kg","3,39€","Biscotti, cereali e dolci",Cereali prima colazione
Weetabix 215 g,"10,19 € / Kg","2,19€","Biscotti, cereali e dolci",Cereali prima colazione
Confettura Extra Albicocche 320 g Conad,5.3 € / Kg,"1,35€","Biscotti, cereali e dolci",Confetture e spalmabili dolci
Confettura Extra Amarene 320 g Conad,5.3 € / Kg,"1,35€","Biscotti, cereali e dolci",Confetture e spalmabili dolci
Confettura extra Ciliegie g 320 Conad,5.3 € / Kg,"1,35€","Biscotti, cereali e dolci",Confetture e spalmabili dolci
Confettura Extra di Prugne 330 g Conad,5.1 € / Kg,"1,35€","Biscotti, cereali e dolci",Confetture e spalmabili dolci
Confettura Extra Fragole 320 g Conad,5.3 € / Kg,"1,35€","Biscotti, cereali e dolci",Confetture e spalmabili dolci
Confettura extra Frutti di Bosco g 320 Conad,5.6 € / Kg,"1,43€","Biscotti, cereali e dolci",Confetture e spalmabili dolci
Confettura Extra Pesche 320 g Conad,5.3 € / Kg,"1,35€","Biscotti, cereali e dolci",Confetture e spalmabili dolci
Crema di Marroni 330 g Conad,6.3 € / Kg,"1,51€","Biscotti, cereali e dolci",Confetture e spalmabili dolci
Marmellata Arance 330 g Conad,5.1 € / Kg,"1,35€","Biscotti, cereali e dolci",Confetture e spalmabili dolci
Confettura Albicocche 600 g Conad,"4,00 € / Kg","2,40€","Biscotti, cereali e dolci",Confetture e spalmabili dolci
Confettura Ciliegie 600 g Conad,"4,00 € / Kg","2,40€","Biscotti, cereali e dolci",Confetture e spalmabili dolci
Confettura Extra di Ciliegie dell'Emilia Romagna 350 g Sapori & Dintorni Conad,"6,71 € / Kg","2,35€","Biscotti, cereali e dolci",Confetture e spalmabili dolci
Confettura extra di Fichi di Puglia g. 350 Conad,"6,71 € / Kg","2,35€","Biscotti, cereali e dolci",Confetture e spalmabili dolci
Confettura Extra di Pera dell'Emilia Romagna IGP 340 g Sapori & Dintorni Conad,"6,91 € / Kg","2,35€","Biscotti, cereali e dolci",Confetture e spalmabili dolci
Confettura Extra di Pesca di Romagna IGP 340 g Sapori & Dintorni Conad,"6,91 € / Kg","2,35€","Biscotti, cereali e dolci",Confetture e spalmabili dolci
Confettura Fragole 600 g Conad,"4,00 € / Kg","2,40€","Biscotti, cereali e dolci",Confetture e spalmabili dolci
Confettura Frutti di Bosco 600 g Conad,"4,00 € / Kg","2,40€","Biscotti, cereali e dolci",Confetture e spalmabili dolci
Frutta & Frutta Agrumi & Zenzero Biologici 340 g Verso Natura Bio Conad,"9,12 € / Kg","3,10€","Biscotti, cereali e dolci",Confetture e spalmabili dolci
Frutta & Frutta Albicocche Biologiche 330 g Verso Natura Bio Conad,"9,39 € / Kg","3,10€","Biscotti, cereali e dolci",Confetture e spalmabili dolci
Frutta & Frutta Arance Amare Biologiche 340 g Verso Natura Bio Conad,"9,12 € / Kg","3,10€","Biscotti, cereali e dolci",Confetture e spalmabili dolci
Frutta & Frutta Ciliegie Biologiche 330 g Verso Natura Bio Conad,"9,39 € / Kg","3,10€","Biscotti, cereali e dolci",Confetture e spalmabili dolci
Frutta & Frutta Fragole Biologiche 330 g Verso Natura Bio Conad,"9,39 € / Kg","3,10€","Biscotti, cereali e dolci",Confetture e spalmabili dolci
Frutta & Frutta Frutti di Bosco Biologici 330 g Verso Natura Bio Conad,"9,39 € / Kg","3,10€","Biscotti, cereali e dolci",Confetture e spalmabili dolci
Frutta & Frutta Limoni Biologici 340 g Verso Natura Bio Conad,"9,12 € / Kg","3,10€","Biscotti, cereali e dolci",Confetture e spalmabili dolci
Frutta & Frutta Mirtilli Biologici 330 g Verso Natura Bio Conad,"9,39 € / Kg","3,10€","Biscotti, cereali e dolci",Confetture e spalmabili dolci
Frutta & Frutta More Biologiche 330 g Verso Natura Bio Conad,"9,39 € / Kg","3,10€","Biscotti, cereali e dolci",Confetture e spalmabili dolci
Frutta & Frutta Pesche Biologiche 330 g Verso Natura Bio Conad,"9,39 € / Kg","3,10€","Biscotti, cereali e dolci",Confetture e spalmabili dolci
Marmellata di Arance di Sicilia 350 g Sapori & Dintorni Conad,"6,71 € / Kg","2,35€","Biscotti, cereali e dolci",Confetture e spalmabili dolci
Marmellata di Mandarini di Sicilia 350 g Sapori & Dintorni Conad,"6,71 € / Kg","2,35€","Biscotti, cereali e dolci",Confetture e spalmabili dolci
Rigoni di Asiago Fiordifrutta Albicocche bio 330 g,10.0 € / Kg,"3,19€","Biscotti, cereali e dolci",Confetture e spalmabili dolci
Rigoni di Asiago Fiordifrutta Arance amare bio 340 g,9.7 € / Kg,"3,19€","Biscotti, cereali e dolci",Confetture e spalmabili dolci
Rigoni di Asiago Fiordifrutta Ciliegie bio 330 g,10.0 € / Kg,"3,19€","Biscotti, cereali e dolci",Confetture e spalmabili dolci
Rigoni di Asiago Fiordifrutta Fragole e fragoline di bosco alla menta bio 330 g,10.0 € / Kg,"3,19€","Biscotti, cereali e dolci",Confetture e spalmabili dolci
Rigoni di Asiago Fiordifrutta Fragole e fragoline di bosco bio 330 g,10.0 € / Kg,"3,19€","Biscotti, cereali e dolci",Confetture e spalmabili dolci
Rigoni di Asiago Fiordifrutta Frutti di bosco bio 330 g,10.0 € / Kg,"3,19€","Biscotti, cereali e dolci",Confetture e spalmabili dolci
Rigoni di Asiago Fiordifrutta Mirtilli neri di bosco bio 330 g,10.0 € / Kg,"3,19€","Biscotti, cereali e dolci",Confetture e spalmabili dolci
Rigoni di Asiago Fiordifrutta Pesche bio 330 g,10.0 € / Kg,"3,19€","Biscotti, cereali e dolci",Confetture e spalmabili dolci
Rigoni di Asiago Fiordifrutta Prugne bio 330 g,10.0 € / Kg,"3,19€","Biscotti, cereali e dolci",Confetture e spalmabili dolci
Bonne Maman Confettura Bonne Maman Albicocche 370 g,"9,16 € / Kg","3,39€","Biscotti, cereali e dolci",Confetture e spalmabili dolci
Bonne Maman Confettura Bonne Maman Ciliegie 370 g,"9,16 € / Kg","3,39€","Biscotti, cereali e dolci",Confetture e spalmabili dolci
Bonne Maman Confettura Bonne Maman Fragole 370 g,"9,16 € / Kg","3,39€","Biscotti, cereali e dolci",Confetture e spalmabili dolci
Hero Ananas di Stagione Confettura Extra 350 g,"7,00 € / Kg","2,45€","Biscotti, cereali e dolci",Confetture e spalmabili dolci
Hero Extra Confettura di Albicocche 4 x 25 g,"8,90 € / Kg","0,89€","Biscotti, cereali e dolci",Confetture e spalmabili dolci
Hero Extra Confettura di Ciliegie Rosse 4 x 25 g,"8,90 € / Kg","0,89€","Biscotti, cereali e dolci",Confetture e spalmabili dolci
Hero Extra Confettura di Fragole 4 x 25 g,"8,90 € / Kg","0,89€","Biscotti, cereali e dolci",Confetture e spalmabili dolci
Hero Extra Confettura di Pesche 4 x 25 g,"8,90 € / Kg","0,89€","Biscotti, cereali e dolci",Confetture e spalmabili dolci
Hero Frutti Rossi di Stagione Confettura Extra 350 g,"7,00 € / Kg","2,45€","Biscotti, cereali e dolci",Confetture e spalmabili dolci
Hero Light Albicocche 280 g,"8,89 € / Kg","2,49€","Biscotti, cereali e dolci",Confetture e spalmabili dolci
Hero Light Ciliegie Nere 280 g,"8,89 € / Kg","2,49€","Biscotti, cereali e dolci",Confetture e spalmabili dolci
Hero Light Fragole 280 g,"8,89 € / Kg","2,49€","Biscotti, cereali e dolci",Confetture e spalmabili dolci
Hero Light Frutti di Bosco 280 g,"8,89 € / Kg","2,49€","Biscotti, cereali e dolci",Confetture e spalmabili dolci
Hero Light Mirtilli 280 g,"8,89 € / Kg","2,49€","Biscotti, cereali e dolci",Confetture e spalmabili dolci
Hero Light Pesche 280 g,"8,89 € / Kg","2,49€","Biscotti, cereali e dolci",Confetture e spalmabili dolci
Rigoni di Asiago Natù Senza Zuccheri Aggiunti* Albicocche bio 240 g,"15,79 € / Kg","3,79€","Biscotti, cereali e dolci",Confetture e spalmabili dolci
Rigoni di Asiago Natù Senza Zuccheri Aggiunti* Fragole bio 240 g,"15,79 € / Kg","3,79€","Biscotti, cereali e dolci",Confetture e spalmabili dolci
Rigoni di Asiago Natù Senza Zuccheri Aggiunti* Mirtilli neri di bosco bio 240 g,"15,79 € / Kg","3,79€","Biscotti, cereali e dolci",Confetture e spalmabili dolci
Santa Rosa Albicocche 350 g,"6,83 € / Kg","2,39€","Biscotti, cereali e dolci",Confetture e spalmabili dolci
Santa Rosa Ciliegie 350 g,"6,83 € / Kg","2,39€","Biscotti, cereali e dolci",Confetture e spalmabili dolci
Santa Rosa Fragole 350 g,"6,83 € / Kg","2,39€","Biscotti, cereali e dolci",Confetture e spalmabili dolci
Zuegg Confettura extra di Ciliegie 320 g,"7,16 € / Kg","2,29€","Biscotti, cereali e dolci",Confetture e spalmabili dolci
Zuegg Confettura extra di fragole Fragole 320 g,"7,16 € / Kg","2,29€","Biscotti, cereali e dolci",Confetture e spalmabili dolci
Zuegg I frutteti di Oswald Zuegg Albicocche 320 g,"7,16 € / Kg","2,29€","Biscotti, cereali e dolci",Confetture e spalmabili dolci
Zuegg I frutteti di Oswald Zuegg Frutti di Bosco 320 g,"9,34 € / Kg","2,99€","Biscotti, cereali e dolci",Confetture e spalmabili dolci
Zuegg I frutteti di Oswald Zuegg Mirtilli Neri Selvatici 320 g,"9,34 € / Kg","2,99€","Biscotti, cereali e dolci",Confetture e spalmabili dolci
Zuegg I frutteti di Oswald Zuegg Pesche 320 g,"7,16 € / Kg","2,29€","Biscotti, cereali e dolci",Confetture e spalmabili dolci
Miele di Arancio 500 g Sapori & Idee Conad,12.8 € / Kg,"4,99€","Biscotti, cereali e dolci",Confetture e spalmabili dolci
Miele d'Acacia 500 g Conad,"15,98 € / Kg","7,99€","Biscotti, cereali e dolci",Confetture e spalmabili dolci
Miele d'Acacia Squeeze 250 g Conad,"19,96 € / Kg","4,99€","Biscotti, cereali e dolci",Confetture e spalmabili dolci
Miele di Acacia Biologico 400 g Verso Natura Bio Conad,"19,88 € / Kg","7,95€","Biscotti, cereali e dolci",Confetture e spalmabili dolci
Miele di Clementino di Calabria 400 g Sapori & Dintorni Conad,"13,75 € / Kg","5,50€","Biscotti, cereali e dolci",Confetture e spalmabili dolci
Miele di Eucalipto 500g Conad,"11,98 € / Kg","5,99€","Biscotti, cereali e dolci",Confetture e spalmabili dolci
Miele Millefiori 1 kg Conad,"8,45 € / Kg","8,45€","Biscotti, cereali e dolci",Confetture e spalmabili dolci
Miele Millefiori 500 g Conad,"13,00 € / Kg","6,50€","Biscotti, cereali e dolci",Confetture e spalmabili dolci
Miele Millefiori Squeeze 400 g Conad,"9,22 € / Kg","3,69€","Biscotti, cereali e dolci",Confetture e spalmabili dolci
Ambrosoli Miele 175 g (Bicchiere),"21,66 € / Kg","3,79€","Biscotti, cereali e dolci",Confetture e spalmabili dolci
Ambrosoli Miele 250 g,"13,40 € / Kg","3,35€","Biscotti, cereali e dolci",Confetture e spalmabili dolci
Ambrosoli PackSport miele 100 g,"21,90 € / Kg","2,19€","Biscotti, cereali e dolci",Confetture e spalmabili dolci
Rigoni di Asiago Mielbio Miele del Bosco bio 300 g,"15,63 € / Kg","4,69€","Biscotti, cereali e dolci",Confetture e spalmabili dolci
Rigoni di Asiago Mielbio Tiglio bio 300 g,"17,17 € / Kg","5,15€","Biscotti, cereali e dolci",Confetture e spalmabili dolci
"Crema al Pistacchio con ""Pistacchio Verde di Bronte DOP"" 200 g Sapori e Dintorni Conad","26,95 € / Kg","5,39€","Biscotti, cereali e dolci",Confetture e spalmabili dolci
Crema alla Nocciola 200 g Conad,"24,95 € / Kg","4,99€","Biscotti, cereali e dolci",Confetture e spalmabili dolci
Crema alle Nocciole 200 g Conad,"7,25 € / Kg","1,45€","Biscotti, cereali e dolci",Confetture e spalmabili dolci
Crema alle Nocciole 400 g Conad,"4,97 € / Kg","1,99€","Biscotti, cereali e dolci",Confetture e spalmabili dolci
Crema spalmabile biologica al cacao e nocciola g 270 Verso Natura Bio Conad,"11,07 € / Kg","2,99€","Biscotti, cereali e dolci",Confetture e spalmabili dolci
Fondente 200 g Sapori e Idee Conad,"10,95 € / Kg","2,19€","Biscotti, cereali e dolci",Confetture e spalmabili dolci
Novi CremaNovi 200 g,20.9 € / Kg,"3,39€","Biscotti, cereali e dolci",Confetture e spalmabili dolci
Nutella 1000 g,"6,99 € / Kg","6,99€","Biscotti, cereali e dolci",Confetture e spalmabili dolci
Nutella 200 g,"12,95 € / Kg","2,59€","Biscotti, cereali e dolci",Confetture e spalmabili dolci
Nutella 350 g,"8,54 € / Kg","2,99€","Biscotti, cereali e dolci",Confetture e spalmabili dolci
Nutella 450 g,"8,64 € / Kg","3,89€","Biscotti, cereali e dolci",Confetture e spalmabili dolci
Nutella 600 g,"8,32 € / Kg","4,99€","Biscotti, cereali e dolci",Confetture e spalmabili dolci
Nutella 6x15g,"15,44 € / Kg","1,39€","Biscotti, cereali e dolci",Confetture e spalmabili dolci
Nutella 750 g,"7,99 € / Kg","5,99€","Biscotti, cereali e dolci",Confetture e spalmabili dolci
Pan di Stelle Crema al Cacao e Nocciole 190g,"13,95 € / Kg","2,65€","Biscotti, cereali e dolci",Confetture e spalmabili dolci
Rigoni di Asiago Nocciolata bio 325 g,"13,20 € / Kg","4,29€","Biscotti, cereali e dolci",Confetture e spalmabili dolci
Valsoia Bontà e Salute la Crema 200 g,"12,45 € / Kg","2,49€","Biscotti, cereali e dolci",Confetture e spalmabili dolci
Ventura BBMix Bio Difesa Crema di Mandorle con Zucchero da Fiori di Cocco* 180 g,"25,50 € / Kg","4,59€","Biscotti, cereali e dolci",Confetture e spalmabili dolci
Zàini Emilia Crema Fondente 350 g,"15,14 € / Kg","5,30€","Biscotti, cereali e dolci",Confetture e spalmabili dolci
MIELE ACACIA BIO DOP PUNGIG.250g,"24,36 € / Kg","6,09€","Biscotti, cereali e dolci",Confetture e spalmabili dolci
MIELE CASTAGNO BIO DOP PUNGIG.250g,"21,20 € / Kg","5,30€","Biscotti, cereali e dolci",Confetture e spalmabili dolci
MIELE DI BOSCO MIELIZIA 700g,"12,64 € / Kg","8,85€","Biscotti, cereali e dolci",Confetture e spalmabili dolci
MIELE MIELIZIA ACACIA 32 BUSTE 160g,"24,31 € / Kg","3,89€","Biscotti, cereali e dolci",Confetture e spalmabili dolci
MIELE MIELIZIA ACACIA 700g,"17,71 € / Kg","12,40€","Biscotti, cereali e dolci",Confetture e spalmabili dolci
MIELE MIELIZIA MILLEFIORI 700g,"12,64 € / Kg","8,85€","Biscotti, cereali e dolci",Confetture e spalmabili dolci
MIELE MILLEF.BIO PUNGIGLIONE 250g,"15,96 € / Kg","3,99€","Biscotti, cereali e dolci",Confetture e spalmabili dolci
BOUNTY CREMA SPALMABILE COCCO 200g,"16,95 € / Kg","3,39€","Biscotti, cereali e dolci",Confetture e spalmabili dolci
CR.SPALM.BICOLORE NUTKAO VASO 400g,"9,73 € / Kg","3,89€","Biscotti, cereali e dolci",Confetture e spalmabili dolci
CREMA MANDORLE PISTI'200g,"29,45 € / Kg","5,89€","Biscotti, cereali e dolci",Confetture e spalmabili dolci
DARBO 80% FRAGOLA 250g,"13,16 € / Kg","3,29€","Biscotti, cereali e dolci",Confetture e spalmabili dolci
DARBO 80% FRUTTO BOSCO 250g,"13,16 € / Kg","3,29€","Biscotti, cereali e dolci",Confetture e spalmabili dolci
DARBO 80% LAMPONI 250g,"13,16 € / Kg","3,29€","Biscotti, cereali e dolci",Confetture e spalmabili dolci
DARBO 80% MIRTILLI NERI 250g,"13,16 € / Kg","3,29€","Biscotti, cereali e dolci",Confetture e spalmabili dolci
Fette Biscottate Dorate 648 g Conad,3.5 € / Kg,"2,00€","Biscotti, cereali e dolci",Fette biscottate
Fette Biscottate Integrali 648g Conad,3.5 € / Kg,"2,00€","Biscotti, cereali e dolci",Fette biscottate
Fette biscottate 315g Verso Natura Bio Conad,"6,00 € / Kg","1,89€","Biscotti, cereali e dolci",Fette biscottate
Fette Biscottate 6 monoporzioni 225 g Alimentum Senza Glutine Conad,"14,18 € / Kg","3,19€","Biscotti, cereali e dolci",Fette biscottate
Fette Biscottate ai cereali 324g Conad,"4,17 € / Kg","1,35€","Biscotti, cereali e dolci",Fette biscottate
Fette Biscottate Dorate 324g Conad,"3,86 € / Kg","1,25€","Biscotti, cereali e dolci",Fette biscottate
Fette Biscottate Integrali 324 g Conad,"3,86 € / Kg","1,25€","Biscotti, cereali e dolci",Fette biscottate
Fette Biscottate Kamut Biologiche 315 g Verso Natura Bio Conad,"10,00 € / Kg","3,15€","Biscotti, cereali e dolci",Fette biscottate
"Galbusera BelleBuone Fette spesse al muesli con avena, frutta, noci pecan e semi 5 x 40 g","15,45 € / Kg","3,09€","Biscotti, cereali e dolci",Fette biscottate
"Galbusera BelleBuone Fette spesse con fichi, nocciole e semi di zucca 5 x 40 g","15,45 € / Kg","3,09€","Biscotti, cereali e dolci",Fette biscottate
"Galbusera BelleBuone Fette spesse con mirtilli rossi, mandorle, semi di zucca e semi di lino 5x40 g","15,45 € / Kg","3,09€","Biscotti, cereali e dolci",Fette biscottate
"Galbusera BelleBuone Fette spesse con semi di papavero, girasole, zucca e lino 5 x 40 g","15,45 € / Kg","3,09€","Biscotti, cereali e dolci",Fette biscottate
"Galbusera BelleBuone Snack sottili e croccanti con fichi, nocciole e semi di zucca 5 x 30 g","21,93 € / Kg","3,29€","Biscotti, cereali e dolci",Fette biscottate
"Galbusera BelleBuone Snack sottili e croccanti con mirtilli rossi, mandorle e semi di zucca 5 x 30 g","21,93 € / Kg","3,29€","Biscotti, cereali e dolci",Fette biscottate
Gentilini Fette Biscottate Classiche 185 g,"8,05 € / Kg","1,49€","Biscotti, cereali e dolci",Fette biscottate
GrissinBon leFrescheBiscottate Cereali 250 g,"5,40 € / Kg","1,35€","Biscotti, cereali e dolci",Fette biscottate
GrissinBon leFrescheBiscottate Classiche 250 g,"5,40 € / Kg","1,35€","Biscotti, cereali e dolci",Fette biscottate
GrissinBon leFrescheBiscottate Kamut Bio 250 g,"12,60 € / Kg","3,15€","Biscotti, cereali e dolci",Fette biscottate
Misura Dolcesenza Fette Biscottate 320 g,"5,78 € / Kg","1,85€","Biscotti, cereali e dolci",Fette biscottate
Misura Fibrextra Fette Biscottate con Fibre di Frumento e Avena 320 g,"5,78 € / Kg","1,85€","Biscotti, cereali e dolci",Fette biscottate
Monviso Biscotto Salute 300 g,"9,63 € / Kg","2,89€","Biscotti, cereali e dolci",Fette biscottate
Mulino Bianco Fette Biscottate ai Cereali 315g,"6,95 € / Kg","2,19€","Biscotti, cereali e dolci",Fette biscottate
Mulino Bianco Fette Biscottate Dorate 315g,"5,37 € / Kg","1,69€","Biscotti, cereali e dolci",Fette biscottate
Mulino Bianco Fette Biscottate Dorate 630g,"4,27 € / Kg","2,69€","Biscotti, cereali e dolci",Fette biscottate
Mulino Bianco Fette Biscottate Integrali 315 g,"5,37 € / Kg","1,69€","Biscotti, cereali e dolci",Fette biscottate
Mulino Bianco Fette Biscottate Integrali Ricche di Fibre 630g,"4,27 € / Kg","2,69€","Biscotti, cereali e dolci",Fette biscottate
Mulino Bianco Fette Biscottate Malto d'orzo 315g,"6,95 € / Kg","2,19€","Biscotti, cereali e dolci",Fette biscottate
Mulino Bianco Fette Biscottate Rigate 315g,"4,73 € / Kg","1,49€","Biscotti, cereali e dolci",Fette biscottate
Mulino Bianco Fette Biscottate Rustiche 315g,"6,95 € / Kg","2,19€","Biscotti, cereali e dolci",Fette biscottate
Mulino Bianco Mini Fette Biscottate con Mirtilli Rossi e Mandorle 90g,"20,56 € / Kg","1,85€","Biscotti, cereali e dolci",Fette biscottate
Mulino Bianco Mini Fette con Cioccolato al latte 110 g,"15,91 € / Kg","1,75€","Biscotti, cereali e dolci",Fette biscottate
Riso Scotti Si con Riso Senza Lattosio Fibra Più Fibra Fette Biscottate con farina integrale 300 g,"7,83 € / Kg","2,35€","Biscotti, cereali e dolci",Fette biscottate
San Carlo Biscottate Olandesi 125 g,"9,60 € / Kg","1,20€","Biscotti, cereali e dolci",Fette biscottate
Sansepolcro Toscana Granfetta 240 g,"4,12 € / Kg","0,99€","Biscotti, cereali e dolci",Fette biscottate
Sansepolcro Toscana Granfetta 40 fette 300 g,"4,50 € / Kg","1,35€","Biscotti, cereali e dolci",Fette biscottate
Sansepolcro Toscana Granfetta con farina integrale 240 g,"4,12 € / Kg","0,99€","Biscotti, cereali e dolci",Fette biscottate
Sansepolcro Toscana Granfetta con farina integrale 40 fette 300 g,"4,50 € / Kg","1,35€","Biscotti, cereali e dolci",Fette biscottate
"Alimentum Senza Glutine Barretta con grano saraceno al mirtillo 6 x 33,3 g Conad","14,90 € / Kg","2,98€","Biscotti, cereali e dolci",Merendine e snack dolci
"Alimentum Senza Glutine Biscotto con crema al cacao 6 x 33,3 g Conad","14,90 € / Kg","2,98€","Biscotti, cereali e dolci",Merendine e snack dolci
Biscotto con Cioccolato al Latte 10 x 25 g Conad,"8,60 € / Kg","2,15€","Biscotti, cereali e dolci",Merendine e snack dolci
Piacersi Barrette di riso e frumento integrale con Cioccolato Fondente 6 Barrette 138 g Conad,"11,23 € / Kg","1,55€","Biscotti, cereali e dolci",Merendine e snack dolci
Piacersi Barrette di riso e frumento integrale con Frutti Rossi 6 Barrette 138 g Conad,"11,23 € / Kg","1,55€","Biscotti, cereali e dolci",Merendine e snack dolci
Piacersi Biscotto ai cereali ripieno di Crema alla Yogurt 5 x 50 g Conad,"7,96 € / Kg","1,99€","Biscotti, cereali e dolci",Merendine e snack dolci
"FITNESS Choco Banana Barrette di cereali con cioccolato al latte e banana 6 pezzi da 23,5g",18.6 € / Kg,"1,99€","Biscotti, cereali e dolci",Merendine e snack dolci
FITNESS CHOCO HAZELNUT Barretta di cereali integrali con cioccolato e al gusto nocciola 6 pezzi,19.4 € / Kg,"1,99€","Biscotti, cereali e dolci",Merendine e snack dolci
Fitness Cioccolato Barrette di cereali con frumento integrale e cioccolato 6 pezzi,18.6 € / Kg,"1,99€","Biscotti, cereali e dolci",Merendine e snack dolci
Fitness Frutti Rossi Barretta di cereali con frumento integrale e frutti rossi 6 pezzi,18.6 € / Kg,"1,99€","Biscotti, cereali e dolci",Merendine e snack dolci
Gran Cereale 5 barrette di cereali Nocciole e Cioccolato Fondente 135g,21.8 € / Kg,"1,00€","Biscotti, cereali e dolci",Merendine e snack dolci
M&m's Chocolate 200 g,12.4 € / Kg,"2,09€","Biscotti, cereali e dolci",Merendine e snack dolci
M&m's Crispy 170 g,14.6 € / Kg,"2,09€","Biscotti, cereali e dolci",Merendine e snack dolci
M&m's Peanut 200 g,12.4 € / Kg,"2,09€","Biscotti, cereali e dolci",Merendine e snack dolci
Oro Ciok con Tavoletta di Cioccolato alla Nocciola 10 x 25 g,11.9 € / Kg,"2,29€","Biscotti, cereali e dolci",Merendine e snack dolci
Oro Ciok con Tavoletta di Cioccolato Fondente 8 x 25 g,14.9 € / Kg,"2,29€","Biscotti, cereali e dolci",Merendine e snack dolci
Oro Ciok Latte 10 x 25 g,11.9 € / Kg,"2,29€","Biscotti, cereali e dolci",Merendine e snack dolci
Céréal BuoniSenza Golosi al cioccolato bianco 6 x 20 g,"22,42 € / Kg","2,69€","Biscotti, cereali e dolci",Merendine e snack dolci
"Céréal, Crackers BuoniSenza Golosi al cioccolato fondente, senza glutine, senza lievito - 6 x 17 g","26,37 € / Kg","2,69€","Biscotti, cereali e dolci",Merendine e snack dolci
Duplo Nocciolato 26 g,"26,54 € / Kg","0,69€","Biscotti, cereali e dolci",Merendine e snack dolci
Ferrero duplo Nocciolato 7 x 26 g,"17,53 € / Kg","3,19€","Biscotti, cereali e dolci",Merendine e snack dolci
Ferrero Tronky Nocciola 18 g,"32,78 € / Kg","0,59€","Biscotti, cereali e dolci",Merendine e snack dolci
Ferrero Tronky Nocciola 5 x 18 g,"22,11 € / Kg","1,99€","Biscotti, cereali e dolci",Merendine e snack dolci
Fiorentini Croccantini di Sesamo 2 x 60 g,"15,42 € / Kg","1,85€","Biscotti, cereali e dolci",Merendine e snack dolci
Fiorentini Croccantini di Sesamo con Cioccolato 2 x 60 g,"14,58 € / Kg","1,75€","Biscotti, cereali e dolci",Merendine e snack dolci
Fiorentini Zenzero Break 2 x 33 g,"27,12 € / Kg","1,79€","Biscotti, cereali e dolci",Merendine e snack dolci
"FITNESS Cookies&Cream Barrette di Cereali con Biscotti al Cacao e Cioccolato Bianco 4 pezzi da 23,5g","21,17 € / Kg","1,99€","Biscotti, cereali e dolci",Merendine e snack dolci
"FITNESS Crunchy Caramel Barrette di cereali con cioccolato e caramello 4 pezzi da 23,5g","21,17 € / Kg","1,99€","Biscotti, cereali e dolci",Merendine e snack dolci
Galbusera BuoniCosì Senza Zuccheri aggiunti i Golosi con Deliziosa Crema alla Vaniglia 4 Snack 160 g,"11,19 € / Kg","1,79€","Biscotti, cereali e dolci",Merendine e snack dolci
Gran Cereale 5 barrette di cereali Mandorle e Mirtilli Rossi 135g,"20,37 € / Kg","2,75€","Biscotti, cereali e dolci",Merendine e snack dolci
Gran Cereale Barrette di Cereali con Grano Mandorle e Semi di Zucca 135g,"20,37 € / Kg","2,75€","Biscotti, cereali e dolci",Merendine e snack dolci
Gran Cereale Barrette di Cereali Frutta Secca Cioccolato Fondente e Mirtilli Rossi 120g,"22,92 € / Kg","2,75€","Biscotti, cereali e dolci",Merendine e snack dolci
Gran Cereale Barrette di Cereali Frutta Secca Semi di Zucca Mandorle e Quinoa Soffiata 120g,"22,92 € / Kg","2,75€","Biscotti, cereali e dolci",Merendine e snack dolci
Hero Light Cioccolato 6 x 20 g,"18,75 € / Kg","2,25€","Biscotti, cereali e dolci",Merendine e snack dolci
Hero Light Nocciole 6 x 20 g,"18,75 € / Kg","2,25€","Biscotti, cereali e dolci",Merendine e snack dolci
Kellogg's All-Bran Cioccolato 6 x 40 g,"10,21 € / Kg","2,45€","Biscotti, cereali e dolci",Merendine e snack dolci
Kellogg's Barretta Mandorle e Caramello al sale marino 4 x 32 g,"21,48 € / Kg","2,75€","Biscotti, cereali e dolci",Merendine e snack dolci
Kellogg's Barretta Mandorle e Cioccolato 4 x 32 g,"21,48 € / Kg","2,75€","Biscotti, cereali e dolci",Merendine e snack dolci
Kellogg's Barretta Mandorle e Cioccolato al latte 4 x 32 g,"21,48 € / Kg","2,75€","Biscotti, cereali e dolci",Merendine e snack dolci
Kellogg's Barretta Mandorle e Frutta 4 x 32 g,"21,48 € / Kg","2,75€","Biscotti, cereali e dolci",Merendine e snack dolci
"Kellogg's Barretta Mandorle, Miele e Semi 4 x 32 g","21,48 € / Kg","2,75€","Biscotti, cereali e dolci",Merendine e snack dolci
Kellogg's Coco pops 6 x 20 g,"17,42 € / Kg","2,09€","Biscotti, cereali e dolci",Merendine e snack dolci
"Kellogg's Krave Stix Choco Nut 5 x 20,5 g","22,33 € / Kg","2,29€","Biscotti, cereali e dolci",Merendine e snack dolci
"Kellogg's Special K Cioccolato Fondente 6 x 21,5 g","18,99 € / Kg","2,45€","Biscotti, cereali e dolci",Merendine e snack dolci
Kellogg's Special K con Cioccolato Belga al Latte 6 x 20 g,"20,42 € / Kg","2,45€","Biscotti, cereali e dolci",Merendine e snack dolci
"Kellogg's Special K Frutti Rossi 6 x 21,5 g","18,99 € / Kg","2,45€","Biscotti, cereali e dolci",Merendine e snack dolci
"Kellogg's Special K Protein 23% Cocco, cacao e anacardi 4 x 28 g","21,88 € / Kg","2,45€","Biscotti, cereali e dolci",Merendine e snack dolci
Kellogg's Special K Protein 23% Ribes nero e semi di zucca 4 x 28 g,"21,88 € / Kg","2,45€","Biscotti, cereali e dolci",Merendine e snack dolci
Kinder bueno 2 pezzi 43 g,"23,02 € / Kg","0,99€","Biscotti, cereali e dolci",Merendine e snack dolci
Kinder bueno 3 x 43 g,"17,44 € / Kg","2,25€","Biscotti, cereali e dolci",Merendine e snack dolci
Kinder bueno 6 x 43 g,"15,47 € / Kg","3,99€","Biscotti, cereali e dolci",Merendine e snack dolci
Kinder bueno Mini 108 g,"18,52 € / Kg","2,00€","Biscotti, cereali e dolci",Merendine e snack dolci
Kinder bueno White 2 pezzi 39 g,"25,38 € / Kg","0,99€","Biscotti, cereali e dolci",Merendine e snack dolci
Kinder bueno White 3 x 39 g,"18,72 € / Kg","2,19€","Biscotti, cereali e dolci",Merendine e snack dolci
"Kinder Cards 5 x 12,8 g","17,11 € / Kg","2,19€","Biscotti, cereali e dolci",Merendine e snack dolci
"Kinder Cereali 10 x 23,5 g","17,83 € / Kg","4,19€","Biscotti, cereali e dolci",Merendine e snack dolci
"Kinder Cereali 2 x 23,5 g","23,19 € / Kg","1,09€","Biscotti, cereali e dolci",Merendine e snack dolci
"Kinder Cereali 6 x 23,5 g","21,21 € / Kg","2,99€","Biscotti, cereali e dolci",Merendine e snack dolci
"Kinder Cioccolato 16 x 12,5 g","15,75 € / Kg","3,15€","Biscotti, cereali e dolci",Merendine e snack dolci
"Kinder Cioccolato 4 x 12,5 g","21,00 € / Kg","1,05€","Biscotti, cereali e dolci",Merendine e snack dolci
Kinder Cioccolato mini 120 g,"16,67 € / Kg","2,00€","Biscotti, cereali e dolci",Merendine e snack dolci
"Kinder Happy Hippo Nocciola 5 x 20,7 g","20,19 € / Kg","2,09€","Biscotti, cereali e dolci",Merendine e snack dolci
Kinder Maxi 10 x 21 g,"15,00 € / Kg","3,15€","Biscotti, cereali e dolci",Merendine e snack dolci
Kinder Maxi 6 x 21 g,"18,97 € / Kg","2,39€","Biscotti, cereali e dolci",Merendine e snack dolci
LION Barrette ai cereali integrali con cioccolato e caramello 6 snack da 25 g,"16,60 € / Kg","2,49€","Biscotti, cereali e dolci",Merendine e snack dolci
Loacker Choco & Cereals Barretta di wafer e cioccolato al latte con crema al cioccolato 3 x 25 g,"19,87 € / Kg","1,49€","Biscotti, cereali e dolci",Merendine e snack dolci
Loacker Milk & Cereals Barretta di wafer e cioccolato al latte con crema al latte 3 x 25 g,"19,87 € / Kg","1,49€","Biscotti, cereali e dolci",Merendine e snack dolci
Loacker Tortina Original Wafer ricoperto di cioccolato al latte con crema al cacao 3 x 21 g,"32,54 € / Kg","2,05€","Biscotti, cereali e dolci",Merendine e snack dolci
Loacker Tortina Triple Chocolate Wafer ricoperto di cioccolato fondente con crema al cacao 3 x 21 g,"32,54 € / Kg","2,05€","Biscotti, cereali e dolci",Merendine e snack dolci
Mars 6 x 45 g,"8,48 € / Kg","2,29€","Biscotti, cereali e dolci",Merendine e snack dolci
"Milka Choco Wafer, merenda al cioccolato al latte - 180g","13,06 € / Kg","2,35€","Biscotti, cereali e dolci",Merendine e snack dolci
"Misura Fibrextra Avena, Riso, Mais e Cioccolato 3 x 27 g","32,10 € / Kg","2,60€","Biscotti, cereali e dolci",Merendine e snack dolci
"Misura Natura Ricca Fichi, Semi di Girasole e Mandorle 3 x 22 g","39,39 € / Kg","2,60€","Biscotti, cereali e dolci",Merendine e snack dolci
"Misura Natura Ricca Semi di Girasole, Anacardi e Cioccolato 3 x 28 g","30,95 € / Kg","2,60€","Biscotti, cereali e dolci",Merendine e snack dolci
Mulino Bianco Baiocchi 260g,"9,96 € / Kg","2,59€","Biscotti, cereali e dolci",Merendine e snack dolci
Mulino Bianco Baiocchi al Pistacchio 240g,"14,38 € / Kg","3,45€","Biscotti, cereali e dolci",Merendine e snack dolci
Mulino Bianco Baiocchi Biscotti Snack Farciti con Crema al Pistacchio 168g,"15,42 € / Kg","2,59€","Biscotti, cereali e dolci",Merendine e snack dolci
Mulino Bianco Baiocchi Choco 144g,"15,90 € / Kg","2,29€","Biscotti, cereali e dolci",Merendine e snack dolci
Mulino Bianco Baiocchi con Crema alla Nocciola e Cacao 168 g,"10,06 € / Kg","1,69€","Biscotti, cereali e dolci",Merendine e snack dolci
Mulino Bianco Baiocchi con Crema alla Nocciola e Cacao 336 g,"9,67 € / Kg","3,25€","Biscotti, cereali e dolci",Merendine e snack dolci
"Nesquik Maxi Choco Barrette di cereali con cioccolato al latte, vitamine, calcio e ferro 6 pezzi","11,67 € / Kg","1,75€","Biscotti, cereali e dolci",Merendine e snack dolci
"NESTLÉ KitKat Dark Wafer croccante ricoperto da Cioccolato fondente 70% 3 snack da 41,5 g","16,47 € / Kg","2,05€","Biscotti, cereali e dolci",Merendine e snack dolci
"NESTLÉ KitKat Family Pack Wafer ricoperto di Cioccolato al Latte 9 snack da 20,7g","11,00 € / Kg","2,05€","Biscotti, cereali e dolci",Merendine e snack dolci
"Nestlé Kitkat Original Wafer ricoperto di cioccolato al latte 3 snack da 41,5g","16,47 € / Kg","2,05€","Biscotti, cereali e dolci",Merendine e snack dolci
"NESTLÉ KitKat White Wafer ricoperto di Cioccolato bianco 3 snack da 41,5 g","16,47 € / Kg","2,05€","Biscotti, cereali e dolci",Merendine e snack dolci
NESTLÉ Smarties Confetti ripieni di Cioccolato al Latte 3 tubi 34 g,"22,06 € / Kg","2,25€","Biscotti, cereali e dolci",Merendine e snack dolci
Nippon 200 g,"7,25 € / Kg","1,45€","Biscotti, cereali e dolci",Merendine e snack dolci
Noberasco Bio Barretta con Cranberry e Mirtilli Neri 30 g,"49,67 € / Kg","1,49€","Biscotti, cereali e dolci",Merendine e snack dolci
"Noberasco Bio Barretta con Goji, Physalis e Mirtilli 30 g","49,67 € / Kg","1,49€","Biscotti, cereali e dolci",Merendine e snack dolci
Noberasco Bio Barretta con Mango e Gelso Nero 30 g,"49,67 € / Kg","1,49€","Biscotti, cereali e dolci",Merendine e snack dolci
Noberasco Bio Barretta con Melograno Noci Pecan e Noci del Brasile 30 g,"49,67 € / Kg","1,49€","Biscotti, cereali e dolci",Merendine e snack dolci
"Oreo Double Creme, biscotti con doppia crema alla vaniglia - 157g","7,58 € / Kg","1,19€","Biscotti, cereali e dolci",Merendine e snack dolci
"Oreo Mini, piccoli biscotti con crema alla vaniglia - 4x40g","11,81 € / Kg","1,89€","Biscotti, cereali e dolci",Merendine e snack dolci
Oreo Original 154 g,"6,17 € / Kg","0,95€","Biscotti, cereali e dolci",Merendine e snack dolci
"Oreo Original, edizione speciale Oreo Xbox 220 g","7,27 € / Kg","1,60€","Biscotti, cereali e dolci",Merendine e snack dolci
"Oro Cereal Snack Arancia, soffice barretta con ripieno all'arancia - 162g","13,89 € / Kg","2,25€","Biscotti, cereali e dolci",Merendine e snack dolci
"Oro Cereal Snack Prugna, soffice barretta con ripieno alla prugna - 162g","13,89 € / Kg","2,25€","Biscotti, cereali e dolci",Merendine e snack dolci
Oro Ciok Barrette al cioccolato al latte -  6 x 27 g,"11,73 € / Kg","1,90€","Biscotti, cereali e dolci",Merendine e snack dolci
Oro Saiwa Vitasnella Barrette ai cereali integrali con cioccolato fondente e nocciole - 4 x 40 g,"15,56 € / Kg","2,49€","Biscotti, cereali e dolci",Merendine e snack dolci
Oro Saiwa Vitasnella Cereal Yo Original 253 g,"8,50 € / Kg","2,15€","Biscotti, cereali e dolci",Merendine e snack dolci
Pan di Stelle Biscocrema 168g,"18,39 € / Kg","3,09€","Biscotti, cereali e dolci",Merendine e snack dolci
Pick Up! Choco & Milk 4 x 28 g,"16,87 € / Kg","1,89€","Biscotti, cereali e dolci",Merendine e snack dolci
Pick Up! Original 4 x 28 g,"16,87 € / Kg","1,89€","Biscotti, cereali e dolci",Merendine e snack dolci
Ringo Cacao Biscotti Farciti con Crema Cacao Snack Merenda Tubo 165g,"9,03 € / Kg","1,49€","Biscotti, cereali e dolci",Merendine e snack dolci
Ringo Cereali Croccanti Biscotti Farciti con Crema al Cocco Snack Merenda 6 porzioni 156g,"10,58 € / Kg","1,65€","Biscotti, cereali e dolci",Merendine e snack dolci
Ringo Limited Edition PlayStation con crema Cacao - Snack merenda - 6 porzioni da 6 biscotti 330g,"7,85 € / Kg","2,59€","Biscotti, cereali e dolci",Merendine e snack dolci
Ringo Limited Edition PlayStation con Crema Vaniglia - Snack per merenda - Tubo da 165g,"9,03 € / Kg","1,49€","Biscotti, cereali e dolci",Merendine e snack dolci
"Ringo Nocciola, Biscotti Farciti con Crema Nocciola e Cioccolato, Snack merenda 6 porzioni 330g","7,85 € / Kg","2,59€","Biscotti, cereali e dolci",Merendine e snack dolci
Ringo Snack Bisco Cioc con Latte Italiano 162g,"15,99 € / Kg","2,59€","Biscotti, cereali e dolci",Merendine e snack dolci
Ringo Vaniglia Biscotti Farciti con Crema Vaniglia Snack Merenda 6 porzioni 330g,"7,85 € / Kg","2,59€","Biscotti, cereali e dolci",Merendine e snack dolci
"Riso Scotti Si con Riso Senza Lattosio Barretta con riso e gocce di cioccolato 4 x 21,5 g","34,77 € / Kg","2,99€","Biscotti, cereali e dolci",Merendine e snack dolci
Riso Scotti Si con Riso Senza Lattosio Barretta ripiena al mirtillo 6 x 27 g,"18,46 € / Kg","2,99€","Biscotti, cereali e dolci",Merendine e snack dolci
Twix 3 x (2 x 25 g),"9,67 € / Kg","1,45€","Biscotti, cereali e dolci",Merendine e snack dolci
Zuegg Fruttino Snack-Break Cotogna 4 x 40 g,"9,69 € / Kg","1,55€","Biscotti, cereali e dolci",Merendine e snack dolci
Alimentum Senza Glutine Crostatine con grano saraceno all'albicocca 6 Crostatine 200 g Conad,"16,00 € / Kg","3,20€","Biscotti, cereali e dolci",Merendine e snack dolci
Alimentum Senza Glutine Plumcake classico 4 x 60 g Conad,"12,46 € / Kg","2,99€","Biscotti, cereali e dolci",Merendine e snack dolci
Ciambelline Integrali 8 Pezzi 300 g Conad,"6,63 € / Kg","1,99€","Biscotti, cereali e dolci",Merendine e snack dolci
Cornetti di Pasta Sfoglia Albicocca 6 Pezzi 300 g Conad,"5,00 € / Kg","1,50€","Biscotti, cereali e dolci",Merendine e snack dolci
Cornetti di Pasta Sfoglia Classici 6 Pezzi 240 g Conad,"6,46 € / Kg","1,55€","Biscotti, cereali e dolci",Merendine e snack dolci
Cornetti di pasta sfoglia con crema al cioccolato 300g Conad,"5,00 € / Kg","1,50€","Biscotti, cereali e dolci",Merendine e snack dolci
Cornetti di Pasta Sfoglia con Crema Pasticcera 6 Pezzi 300 g Conad,"5,00 € / Kg","1,50€","Biscotti, cereali e dolci",Merendine e snack dolci
Cornetti Integrali 6 Pezzi 240 g Conad,"7,46 € / Kg","1,79€","Biscotti, cereali e dolci",Merendine e snack dolci
Cornetti Integrali farciti al Cioccolato Fondente 6 Pezzi 300 g Conad,"7,63 € / Kg","2,29€","Biscotti, cereali e dolci",Merendine e snack dolci
Cornetti Integrali farciti al Lampone e Melograno 6 Pezzi 300 g Conad,"7,63 € / Kg","2,29€","Biscotti, cereali e dolci",Merendine e snack dolci
Cornetti Integrali farciti al Miele 6 Pezzi 300 g Conad,"7,63 € / Kg","2,29€","Biscotti, cereali e dolci",Merendine e snack dolci
Croissant alla Francese 5 x 51 g Sapori & Idee Conad,"12,35 € / Kg","3,15€","Biscotti, cereali e dolci",Merendine e snack dolci
Crostatine Albicocca 6 Pezzi 240 g Conad,"5,38 € / Kg","1,29€","Biscotti, cereali e dolci",Merendine e snack dolci
Crostatine crema cacao 240g Conad,"5,38 € / Kg","1,29€","Biscotti, cereali e dolci",Merendine e snack dolci
Crostatine di Farro al Mirtillo Biologiche 6 x 45 g Verso Natura Bio Conad,"10,33 € / Kg","2,79€","Biscotti, cereali e dolci",Merendine e snack dolci
Fagottini Albicocca 6 Pezzi 300 g Conad,"4,63 € / Kg","1,39€","Biscotti, cereali e dolci",Merendine e snack dolci
Fagottini con Crema al Cioccolato 6 Pezzi 300 g Conad,"4,63 € / Kg","1,39€","Biscotti, cereali e dolci",Merendine e snack dolci
Muffin con Pepite di Cioccolato 6 Pezzi 252 g Conad,"6,55 € / Kg","1,65€","Biscotti, cereali e dolci",Merendine e snack dolci
Muffin Senza Glutine con gocce di cioccolato 4 x 60 g Alimentum Conad,"12,46 € / Kg","2,99€","Biscotti, cereali e dolci",Merendine e snack dolci
Pan di Spagna Farcito con Crema al Cacao 10 pezzi 280 g Conad,"5,32 € / Kg","1,49€","Biscotti, cereali e dolci",Merendine e snack dolci
Pan di Spagna Farcito con Crema al Latte 10 pezzi 280 g Conad,"5,32 € / Kg","1,49€","Biscotti, cereali e dolci",Merendine e snack dolci
Plumcake con Yogurt Magro Cioccolato 6 Pezzi 228 g Conad,"5,66 € / Kg","1,29€","Biscotti, cereali e dolci",Merendine e snack dolci
Plumcake con yogurt magro g.  190 - 6 pezzi Conad,"5,21 € / Kg","0,99€","Biscotti, cereali e dolci",Merendine e snack dolci
Treccine di Pasta Sfoglia 6 Pezzi 252 g Conad,"5,75 € / Kg","1,45€","Biscotti, cereali e dolci",Merendine e snack dolci
Mulino Bianco Pan Goccioli 336 g,8.0 € / Kg,"1,99€","Biscotti, cereali e dolci",Merendine e snack dolci
"Bahlsen Tam Tam Cioccolato 8 x 27,5 g","9,55 € / Kg","2,10€","Biscotti, cereali e dolci",Merendine e snack dolci
Balconi choco orange 10 x 35 g,"4,57 € / Kg","1,60€","Biscotti, cereali e dolci",Merendine e snack dolci
Balconi Mix Max di Piacere di Gusto Cacao 10 x 35 g,"4,57 € / Kg","1,60€","Biscotti, cereali e dolci",Merendine e snack dolci
Balconi Rollino nocciola 6 x 37 g,"5,41 € / Kg","1,20€","Biscotti, cereali e dolci",Merendine e snack dolci
Balconi Snack Latte 10 x 28 g,"4,46 € / Kg","1,25€","Biscotti, cereali e dolci",Merendine e snack dolci
Balconi Trancetto cacao 10 x 28 g,"4,46 € / Kg","1,25€","Biscotti, cereali e dolci",Merendine e snack dolci
Bauli BuonEssere Croissant 7 Cereali e Semi ai Frutti di Bosco 6 x 45 g,"9,22 € / Kg","2,49€","Biscotti, cereali e dolci",Merendine e snack dolci
Bauli BuonEssere Croissant 7 Cereali e Semi con Crema al Cacao e Nocciole 6 x 45 g,"9,22 € / Kg","2,49€","Biscotti, cereali e dolci",Merendine e snack dolci
Bauli BuonEssere Croissant con Farina 100% Integrale con Zucchero di Canna Grezzo 6 x 37 g,"11,22 € / Kg","2,49€","Biscotti, cereali e dolci",Merendine e snack dolci
Bauli Croissant Crema 6 x 50 g,"7,30 € / Kg","2,19€","Biscotti, cereali e dolci",Merendine e snack dolci
Bauli i Classici Croissant Albicocca 6 x 50 g,"7,30 € / Kg","2,19€","Biscotti, cereali e dolci",Merendine e snack dolci
Bauli i Classici Croissant Ciliegia 6 x 50 g,"7,30 € / Kg","2,19€","Biscotti, cereali e dolci",Merendine e snack dolci
Bauli i Classici Croissant Cioccolato 6 x 50 g,"7,30 € / Kg","2,19€","Biscotti, cereali e dolci",Merendine e snack dolci
Bauli i Classici Croissant Tradizionale 6 x 40 g,"7,92 € / Kg","1,90€","Biscotti, cereali e dolci",Merendine e snack dolci
Buondì Cacao e Crema 6 x 45 g,"8,15 € / Kg","2,25€","Biscotti, cereali e dolci",Merendine e snack dolci
Buondì Ciliegia 6 x 43 g,"8,72 € / Kg","2,25€","Biscotti, cereali e dolci",Merendine e snack dolci
Buondì Cioccolato 6 x 45 g,"8,15 € / Kg","2,25€","Biscotti, cereali e dolci",Merendine e snack dolci
Ferrero brioss Confettura di Albicocca e Cereali 10 x 28 g,"7,11 € / Kg","1,99€","Biscotti, cereali e dolci",Merendine e snack dolci
Ferrero brioss Confettura di Ciliegia e Cereali 10 x 28 g,"7,11 € / Kg","1,99€","Biscotti, cereali e dolci",Merendine e snack dolci
Ferrero fiesta Classica 10 x 36 g,"8,86 € / Kg","3,19€","Biscotti, cereali e dolci",Merendine e snack dolci
Kinder Brioss 10 x 27 g,"11,07 € / Kg","2,99€","Biscotti, cereali e dolci",Merendine e snack dolci
Kinder Colazione più con 5 Cereali 10 x 29 g,"9,97 € / Kg","2,89€","Biscotti, cereali e dolci",Merendine e snack dolci
Kinder Colazione più integrale 10 x 29 g,"9,97 € / Kg","2,89€","Biscotti, cereali e dolci",Merendine e snack dolci
Kinder délice 10 x 39 g,"8,18 € / Kg","3,19€","Biscotti, cereali e dolci",Merendine e snack dolci
Kinder Joy Harry Potter 20 g,"69,50 € / Kg","1,39€","Biscotti, cereali e dolci",Merendine e snack dolci
Kinder Joy Wizarding World Harry Potter 2 x 20 g,"54,75 € / Kg","2,19€","Biscotti, cereali e dolci",Merendine e snack dolci
Kinder Kornetti Cioccolato 6 x 42 g,"11,47 € / Kg","2,89€","Biscotti, cereali e dolci",Merendine e snack dolci
Kinder Kornetti Pesca e Albicocca 6 x 42 g,"11,47 € / Kg","2,89€","Biscotti, cereali e dolci",Merendine e snack dolci
Kinder Panecioc 10 x 29 g,"10,31 € / Kg","2,99€","Biscotti, cereali e dolci",Merendine e snack dolci
Kinder Plum Cake al Cacao e gocce di Cioccolato 6 x 33 g,"10,05 € / Kg","1,99€","Biscotti, cereali e dolci",Merendine e snack dolci
Kinder Plum Cake Preparato con Yogurt alla Greca 6 x 32 g,"8,80 € / Kg","1,69€","Biscotti, cereali e dolci",Merendine e snack dolci
"Milka Choco Brownie, merendina al cioccolato al latte - 6x25g","14,60 € / Kg","2,19€","Biscotti, cereali e dolci",Merendine e snack dolci
Misura Dolcesenza Cornetti alla Ciliegia 298 g,"9,36 € / Kg","2,79€","Biscotti, cereali e dolci",Merendine e snack dolci
"Misura Dolcesenza Plumcake 6 x 31,7 g","9,74 € / Kg","1,85€","Biscotti, cereali e dolci",Merendine e snack dolci
Misura Fibrextra Cornetti al Miele 308g,"9,06 € / Kg","2,79€","Biscotti, cereali e dolci",Merendine e snack dolci
Misura Privolat Cornetti al Cioccolato 298 g,"9,36 € / Kg","2,79€","Biscotti, cereali e dolci",Merendine e snack dolci
"Misura Privolat Cornetti all'Albicocca 6 x 48,3 g","9,62 € / Kg","2,79€","Biscotti, cereali e dolci",Merendine e snack dolci
Misura Privolat Cornetti Classici 246 g,"12,15 € / Kg","2,99€","Biscotti, cereali e dolci",Merendine e snack dolci
Motta Buondì Albicocca 6 pz,"8,72 € / Kg","2,25€","Biscotti, cereali e dolci",Merendine e snack dolci
Motta Buondì Classico 6 pz,"10,05 € / Kg","1,99€","Biscotti, cereali e dolci",Merendine e snack dolci
Motta Girella Cacao 8 x 35 g,"9,46 € / Kg","2,65€","Biscotti, cereali e dolci",Merendine e snack dolci
Motta Yo-Yo 6 x 35 g,"11,38 € / Kg","2,39€","Biscotti, cereali e dolci",Merendine e snack dolci
Mr.Day 6 Muffin Super al Cacao con Ripieno di Crema al Cioccolato 6 x 50 g,"10,50 € / Kg","3,15€","Biscotti, cereali e dolci",Merendine e snack dolci
Mr.Day 8 Ciambelle con Vaniglia Naturale da Bacche 8 x 40 g,"9,84 € / Kg","3,15€","Biscotti, cereali e dolci",Merendine e snack dolci
Mulino Bianco Camille Merenda Ricca di Fibre Carote Italiane Mandorle Succo d'Arancia 8 tortine 304g,"10,49 € / Kg","3,19€","Biscotti, cereali e dolci",Merendine e snack dolci
Mulino Bianco Cornetti al Cioccolato Merenda senza Additivi Conservanti 6 pezzi 300g,"9,50 € / Kg","2,85€","Biscotti, cereali e dolci",Merendine e snack dolci
Mulino Bianco Cornetti Albicocca Merenda senza Additivi Conservanti 6 pezzi 300g,"9,50 € / Kg","2,85€","Biscotti, cereali e dolci",Merendine e snack dolci
Mulino Bianco Cornetti classici 6 pezzi 240g,"10,21 € / Kg","2,45€","Biscotti, cereali e dolci",Merendine e snack dolci
Mulino Bianco Cornetti Integrali 240g,"10,38 € / Kg","2,49€","Biscotti, cereali e dolci",Merendine e snack dolci
Mulino Bianco Cornetti Integrali alla Nocciola Merenda con 100% Farina Integrale 6 pezzi 300g,"9,63 € / Kg","2,89€","Biscotti, cereali e dolci",Merendine e snack dolci
Mulino Bianco Cornetti Integrali Frutti Rossi Merenda con 100% Farina Integrale 6 pezzi 300g,"8,50 € / Kg","2,55€","Biscotti, cereali e dolci",Merendine e snack dolci
Mulino Bianco Crostatine Albicocca 400g,"7,22 € / Kg","2,89€","Biscotti, cereali e dolci",Merendine e snack dolci
Mulino Bianco Crostatine Cacao 400 g,"7,22 € / Kg","2,89€","Biscotti, cereali e dolci",Merendine e snack dolci
Mulino Bianco CuorCake Merenda con Limoni Italiani 6 pezzi 210g,"15,00 € / Kg","3,15€","Biscotti, cereali e dolci",Merendine e snack dolci
Mulino Bianco Flauti Cioccolato 280 g,"9,82 € / Kg","2,75€","Biscotti, cereali e dolci",Merendine e snack dolci
Mulino Bianco Flauti Latte 280 g,"9,82 € / Kg","2,75€","Biscotti, cereali e dolci",Merendine e snack dolci
Mulino Bianco Flauti Stracciatella 280 g,"9,82 € / Kg","2,75€","Biscotti, cereali e dolci",Merendine e snack dolci
Mulino Bianco Nastrine 240 g,"10,62 € / Kg","2,55€","Biscotti, cereali e dolci",Merendine e snack dolci
Mulino Bianco Nastrine Integrali Merenda 100% Farina Integrale 6 pezzi 240g,"10,79 € / Kg","2,59€","Biscotti, cereali e dolci",Merendine e snack dolci
Mulino Bianco Nastrine Merenda Cioccolato Senza Additivi Conservanti 6 pezzi 240g,"11,88 € / Kg","2,85€","Biscotti, cereali e dolci",Merendine e snack dolci
"Mulino Bianco Pancake 100% Latte Fresco Italiano, e senza Olio di Palma 4 pezzi 280 g","9,61 € / Kg","2,69€","Biscotti, cereali e dolci",Merendine e snack dolci
Mulino Bianco Pane Cioccolato al latte 8 pezzi 300g,"8,97 € / Kg","2,69€","Biscotti, cereali e dolci",Merendine e snack dolci
Mulino Bianco Plumcake Classico Merenda con Yogurt Italiano 10 pezzi 330g,"8,15 € / Kg","2,69€","Biscotti, cereali e dolci",Merendine e snack dolci
Mulino Bianco Plumcake integrali 10 pezzi 330g,"6,94 € / Kg","2,29€","Biscotti, cereali e dolci",Merendine e snack dolci
Mulino Bianco Plumcake Merenda con Yogurt italiano e Gocce di Cioccolato 10 pezzi 350g,"7,86 € / Kg","2,75€","Biscotti, cereali e dolci",Merendine e snack dolci
Mulino Bianco Tartelle Cuor di Mela Merenda con Mele 100% Italiane 6 pezzi 288g,"8,65 € / Kg","2,49€","Biscotti, cereali e dolci",Merendine e snack dolci
Mulino Bianco Tegolino 350 g,"9,29 € / Kg","3,25€","Biscotti, cereali e dolci",Merendine e snack dolci
Mulino Bianco Trancino 396 g,"5,78 € / Kg","2,29€","Biscotti, cereali e dolci",Merendine e snack dolci
Nutella & Go! 2 x 48 g,"29,69 € / Kg","2,85€","Biscotti, cereali e dolci",Merendine e snack dolci
Nutella B-ready 10 x 22 g,"14,05 € / Kg","3,09€","Biscotti, cereali e dolci",Merendine e snack dolci
Nutella B-ready 2 x 22 g,"22,50 € / Kg","0,99€","Biscotti, cereali e dolci",Merendine e snack dolci
Nutella B-ready 6 x 22 g,"16,29 € / Kg","2,15€","Biscotti, cereali e dolci",Merendine e snack dolci
Oro Ciok Soft gocce di cioccolato -  5 x 30 g,"13,27 € / Kg","1,99€","Biscotti, cereali e dolci",Merendine e snack dolci
Pan di Stelle Merenda Pan di Spagna al Cacao e Crema al Latte 280g,"9,25 € / Kg","2,59€","Biscotti, cereali e dolci",Merendine e snack dolci
Pan di Stelle Mooncake Tortino al Cioccolato 6 pezzi 210g,"14,05 € / Kg","2,95€","Biscotti, cereali e dolci",Merendine e snack dolci
Parmareggio l'ABC della merenda Crostatina al Cacao con Parmigiano Reggiano,"6,69 € / Kg","1,05€","Biscotti, cereali e dolci",Merendine e snack dolci
Parmareggio l'ABC della merenda Plumcake con Parmigiano Reggiano,"5,68 € / Kg","0,92€","Biscotti, cereali e dolci",Merendine e snack dolci
Riso Scotti Si con Riso Senza Lattosio Merendina ricoperta al cacao 8 x 33 g,"10,95 € / Kg","2,89€","Biscotti, cereali e dolci",Merendine e snack dolci
Riso Scotti Si con Riso Senza Lattosio Muffin con riso e gocce di cioccolato 6 x 37 g,"12,57 € / Kg","2,79€","Biscotti, cereali e dolci",Merendine e snack dolci
"Riso Scotti Si con Riso Senza Lattosio Plumcake con riso 6 x 31,7 g","12,89 € / Kg","2,45€","Biscotti, cereali e dolci",Merendine e snack dolci
Kinder fetta al latte 5 x 28 g,"15,36 € / Kg","2,15€","Biscotti, cereali e dolci",Merendine e snack dolci
"Kinder Choco fresh 5 x 20,5 g","20,98 € / Kg","2,15€","Biscotti, cereali e dolci",Merendine e snack dolci
Kinder fetta al latte 10 x 28 g,"12,46 € / Kg","3,49€","Biscotti, cereali e dolci",Merendine e snack dolci
Kinder Paradiso 4 x 29 g,"18,53 € / Kg","2,15€","Biscotti, cereali e dolci",Merendine e snack dolci
Kinder Pinguì 4 x 30 g,"17,92 € / Kg","2,15€","Biscotti, cereali e dolci",Merendine e snack dolci
Kinder Pinguì 8 x 30 g,"14,54 € / Kg","3,49€","Biscotti, cereali e dolci",Merendine e snack dolci
NESQUIK Snack Cacao 5 x 26 g,"11,15 € / Kg","1,45€","Biscotti, cereali e dolci",Merendine e snack dolci
NESQUIK Snack Latte 5 x 26 g,"11,15 € / Kg","1,45€","Biscotti, cereali e dolci",Merendine e snack dolci
BAR.BENLIAN ROCKY RIS/CIOC.LAT90g,"18,78 € / Kg","1,69€","Biscotti, cereali e dolci",Merendine e snack dolci
BARRETTE PROT.NOCC.S/G SARCHIO 135g,"33,26 € / Kg","4,49€","Biscotti, cereali e dolci",Merendine e snack dolci
BOTTON D'ORO AI CECI VALLEDORO 200g,"8,75 € / Kg","1,75€","Biscotti, cereali e dolci",Merendine e snack dolci
GAL.RISO CIOC.F.BIO S/GL SARCH.100g,"28,50 € / Kg","2,85€","Biscotti, cereali e dolci",Merendine e snack dolci
GAL.RISO CIOC.L.BIO S/GL SARCH.100g,"28,50 € / Kg","2,85€","Biscotti, cereali e dolci",Merendine e snack dolci
SU GUTTIAU CLASSICO SNACK BST 70g,"2,00 € / Kg","1,40€","Biscotti, cereali e dolci",Merendine e snack dolci
1€DULC.CHAPELA CIOCCOL. LATTE135g,"7,41 € / Kg","1,00€","Biscotti, cereali e dolci",Merendine e snack dolci
1€DULC.MER.CHAPELAS CACAO135g,"7,41 € / Kg","1,00€","Biscotti, cereali e dolci",Merendine e snack dolci
4MER.DULCESOL MANJUS100g,"10,00 € / Kg","1,00€","Biscotti, cereali e dolci",Merendine e snack dolci
5CROISS.PISTAC.SICILIA DAIS 250g,"9,56 € / Kg","2,39€","Biscotti, cereali e dolci",Merendine e snack dolci
6 CROISS.ALBICOC.FR.FRESCO SAC.330g,"9,85 € / Kg","3,25€","Biscotti, cereali e dolci",Merendine e snack dolci
6 CROISS.GRANEL.FR.FRESCO SAC.330g,"9,85 € / Kg","3,25€","Biscotti, cereali e dolci",Merendine e snack dolci
6 CROISSANT CLAS.FR.FRESCO SAC.300g,"10,50 € / Kg","3,15€","Biscotti, cereali e dolci",Merendine e snack dolci
6CROISS.CIOC.MODICA DAIS 300g,"9,56 € / Kg","2,39€","Biscotti, cereali e dolci",Merendine e snack dolci
PANCAKES PASQUIER 280g,"8,18 € / Kg","2,29€","Biscotti, cereali e dolci",Merendine e snack dolci
TRECCIA UVA SACCOx6 ABARIBI 300g,"14,97 € / Kg","4,49€","Biscotti, cereali e dolci",Merendine e snack dolci
NESTLÉ FRUTTOLO Maxi Duo Fragola - Fior di Latte 4 x 100 g,5.9 € / Kg,"1,59€","Biscotti, cereali e dolci",Dessert e pasticceria
"Nestlé Fruttolo Pera, Banana, Fragola 6 x 50 g","6,63 € / Kg","1,99€","Biscotti, cereali e dolci",Dessert e pasticceria
"Nestlé Fruttolo Pesca e Albicocca, Mela e Pera, Fragola e Banana 6 x 50 g","6,63 € / Kg","1,99€","Biscotti, cereali e dolci",Dessert e pasticceria
Kinder fetta al latte 5 x 28 g,"15,36 € / Kg","2,15€","Biscotti, cereali e dolci",Dessert e pasticceria
"Kinder Choco fresh 5 x 20,5 g","20,98 € / Kg","2,15€","Biscotti, cereali e dolci",Dessert e pasticceria
Kinder fetta al latte 10 x 28 g,"12,46 € / Kg","3,49€","Biscotti, cereali e dolci",Dessert e pasticceria
Kinder Paradiso 4 x 29 g,"18,53 € / Kg","2,15€","Biscotti, cereali e dolci",Dessert e pasticceria
Kinder Pinguì 4 x 30 g,"17,92 € / Kg","2,15€","Biscotti, cereali e dolci",Dessert e pasticceria
Kinder Pinguì 8 x 30 g,"14,54 € / Kg","3,49€","Biscotti, cereali e dolci",Dessert e pasticceria
NESQUIK Snack Cacao 5 x 26 g,"11,15 € / Kg","1,45€","Biscotti, cereali e dolci",Dessert e pasticceria
NESQUIK Snack Latte 5 x 26 g,"11,15 € / Kg","1,45€","Biscotti, cereali e dolci",Dessert e pasticceria
Alimentum Senza Glutine Mini Cookies 130 g Conad,"10,69 € / Kg","1,39€","Biscotti, cereali e dolci",Dessert e pasticceria
Alimentum Senza Glutine Pasticcini con biscotto e cioccolato al latte 100 g Conad,"29,00 € / Kg","2,90€","Biscotti, cereali e dolci",Dessert e pasticceria
Amaretti 200 g Conad,"6,75 € / Kg","1,35€","Biscotti, cereali e dolci",Dessert e pasticceria
Baci di Dama alla nocciola 150 g Sapori & Dintorni Conad,"22,33 € / Kg","3,35€","Biscotti, cereali e dolci",Dessert e pasticceria
Bastoncini Ricoperti di Cioccolato al Latte 125 g Conad,"11,12 € / Kg","1,39€","Biscotti, cereali e dolci",Dessert e pasticceria
Canestrelli liguri 150 g Sapori & Dintorni Conad,"18,33 € / Kg","2,75€","Biscotti, cereali e dolci",Dessert e pasticceria
Canestrellini 125 g Conad,"7,84 € / Kg","0,98€","Biscotti, cereali e dolci",Dessert e pasticceria
Cantucci Toscani IGP alle mandorle 200 g Sapori & Dintorni Conad,"14,45 € / Kg","2,89€","Biscotti, cereali e dolci",Dessert e pasticceria
Cantuccini 250 g Conad,"7,92 € / Kg","1,98€","Biscotti, cereali e dolci",Dessert e pasticceria
Cookies mini 150 g Conad,"7,93 € / Kg","1,19€","Biscotti, cereali e dolci",Dessert e pasticceria
Pasticcini al Cioccolato 90 g Conad,"15,00 € / Kg","1,35€","Biscotti, cereali e dolci",Dessert e pasticceria
Pasticcini al Limone con Granella di Nocciole 100 g Conad,"13,50 € / Kg","1,35€","Biscotti, cereali e dolci",Dessert e pasticceria
Pasticcini con Farcitura all'Albicocca 100 g Conad,"13,50 € / Kg","1,35€","Biscotti, cereali e dolci",Dessert e pasticceria
Pasticcini Senza Glutine con farcitura all'albicocca 80 g Alimentum Conad,"24,75 € / Kg","1,98€","Biscotti, cereali e dolci",Dessert e pasticceria
Sfogliatine 175 g Conad,"7,37 € / Kg","1,29€","Biscotti, cereali e dolci",Dessert e pasticceria
Torcetti Piemontesi 200 g Conad,"15,45 € / Kg","3,09€","Biscotti, cereali e dolci",Dessert e pasticceria
Waferini con crema alla nocciola ricoperti con cioccolato g 100 Conad,"13,50 € / Kg","1,35€","Biscotti, cereali e dolci",Dessert e pasticceria
Bahlsen Choco Leibniz Cioccolato al Latte 125 g,"12,40 € / Kg","1,55€","Biscotti, cereali e dolci",Dessert e pasticceria
Bahlsen Choco Leibniz Fondente 125 g,"12,40 € / Kg","1,55€","Biscotti, cereali e dolci",Dessert e pasticceria
Bahlsen Messino Cioccolato Fondente Ripieno all'Arancia 125 g,"13,20 € / Kg","1,65€","Biscotti, cereali e dolci",Dessert e pasticceria
Bahlsen Waffeletten Dark Chocolate 100 g,"16,00 € / Kg","1,60€","Biscotti, cereali e dolci",Dessert e pasticceria
BiancoForno Fiorentine di pasta sfoglia con il 30% di confettura di albicocca 250 g,"10,20 € / Kg","2,55€","Biscotti, cereali e dolci",Dessert e pasticceria
BiancoForno Margheritine di pasta frolla con il 30% di confettura di albicocca 250 g,"10,20 € / Kg","2,55€","Biscotti, cereali e dolci",Dessert e pasticceria
BiancoForno Occhi di Bue di pasta frolla con il 30% di confettura di albicocca 300 g,"8,50 € / Kg","2,55€","Biscotti, cereali e dolci",Dessert e pasticceria
BiancoForno Palmine di pasta sfoglia 220 g,"11,59 € / Kg","2,55€","Biscotti, cereali e dolci",Dessert e pasticceria
BiancoForno Sfogliatine di pasta sfoglia 230 g,"11,09 € / Kg","2,55€","Biscotti, cereali e dolci",Dessert e pasticceria
Céréal BuoniSenza Madeleine alle Mandorle - 6 x 30 g,"18,83 € / Kg","3,39€","Biscotti, cereali e dolci",Dessert e pasticceria
"Céréal Senza Glutine Madeleine Noire, Merendine Senza lattosio, Senza olio di Palma, monodose - 200g","19,95 € / Kg","3,99€","Biscotti, cereali e dolci",Dessert e pasticceria
"Galbusera ZeroGrano Senza Glutine con Panna e Gocce di Cioccolato 6 x 36,7 g","12,68 € / Kg","2,79€","Biscotti, cereali e dolci",Dessert e pasticceria
Grisbì Fresh Cioccolato 9 x 15 g,"15,48 € / Kg","2,09€","Biscotti, cereali e dolci",Dessert e pasticceria
Grisbì Fresh Cocco 9 x 15 g,"15,48 € / Kg","2,09€","Biscotti, cereali e dolci",Dessert e pasticceria
Grisbì Fresh Limone 9 x 15 g,"15,48 € / Kg","2,09€","Biscotti, cereali e dolci",Dessert e pasticceria
Grisbì Fresh Nocciola 9 x 15 g,"15,48 € / Kg","2,09€","Biscotti, cereali e dolci",Dessert e pasticceria
Grisbì Fresh Pistacchio 9 x 15 g,"15,48 € / Kg","2,09€","Biscotti, cereali e dolci",Dessert e pasticceria
Loacker Patisserie Crème Noisette wafers con crema e granella nocciole ricoperti di cioccolato 100 g,"24,00 € / Kg","2,40€","Biscotti, cereali e dolci",Dessert e pasticceria
Loacker Wafer Patisserie Coconut Wafers crema cocco ricoperti di cioccolato latte fiocchi cocco 100g,"24,00 € / Kg","2,40€","Biscotti, cereali e dolci",Dessert e pasticceria
Matilde Vicenzi Millefoglie Classiche 125 g,"12,40 € / Kg","1,55€","Biscotti, cereali e dolci",Dessert e pasticceria
Matilde Vicenzi Millefoglie Snack alla nocciola 5 x 25 g,"11,92 € / Kg","1,49€","Biscotti, cereali e dolci",Dessert e pasticceria
Mikado Cioccolato al Latte 75 g,"23,33 € / Kg","1,75€","Biscotti, cereali e dolci",Dessert e pasticceria
Mikado Cioccolato Fondente 75 g,"23,33 € / Kg","1,75€","Biscotti, cereali e dolci",Dessert e pasticceria
"Mikado, biscotto ricoperto di cioccolato bianco - 70g","25,00 € / Kg","1,75€","Biscotti, cereali e dolci",Dessert e pasticceria
"Milka Choco Sticks, biscotti sticks ricoperti di cioccolato al latte Milka - 112g","9,38 € / Kg","1,05€","Biscotti, cereali e dolci",Dessert e pasticceria
"Milka Cookies Sensation, cookies ripieni di cioccolato al latte Milka- 156g","15,32 € / Kg","2,39€","Biscotti, cereali e dolci",Dessert e pasticceria
"Milka Cookies XL, maxi cookie con cioccolato al latte Milka - 184g","12,99 € / Kg","2,39€","Biscotti, cereali e dolci",Dessert e pasticceria
Pasticceria Matilde Vicenzi Amaretto di Matilde 175 g,"9,09 € / Kg","1,59€","Biscotti, cereali e dolci",Dessert e pasticceria
Pasticceria Matilde Vicenzi Bocconcini con Crema al Cioccolato 100 g,"14,90 € / Kg","1,49€","Biscotti, cereali e dolci",Dessert e pasticceria
Pasticceria Matilde Vicenzi Millefoglie d'Italia Senza Lattosio 125 g,"15,12 € / Kg","1,89€","Biscotti, cereali e dolci",Dessert e pasticceria
Pasticceria Matilde Vicenzi Millefoglie di Matilde Classiche 125 g,"12,72 € / Kg","1,59€","Biscotti, cereali e dolci",Dessert e pasticceria
Pasticceria Matilde Vicenzi Minivoglie 300 g,"6,83 € / Kg","2,05€","Biscotti, cereali e dolci",Dessert e pasticceria
Pavesi Togo Classic Latte 120g,"16,58 € / Kg","1,99€","Biscotti, cereali e dolci",Dessert e pasticceria
"Milka Cookies Sensation Oreo, cookies ripieni di crema Oreo - 156g","15,32 € / Kg","2,39€","Biscotti, cereali e dolci",Dessert e pasticceria
Crostata di Albicocche con confettura di albicocche 370 g Conad,"7,00 € / Kg","2,59€","Biscotti, cereali e dolci",Dessert e pasticceria
Sbrisolona 350 g Sapori & Dintorni Conad,"14,26 € / Kg","4,99€","Biscotti, cereali e dolci",Dessert e pasticceria
Mulino Bianco Torta Cacao con Albicocche 100% Italiane 590g,"11,34 € / Kg","6,69€","Biscotti, cereali e dolci",Dessert e pasticceria
Mulino Bianco Torta Limone con Farina Sostenibile 640g,"10,45 € / Kg","6,69€","Biscotti, cereali e dolci",Dessert e pasticceria
Balconi Roll Max cacao 300 g,"3,13 € / Kg","0,94€","Biscotti, cereali e dolci",Dessert e pasticceria
Balconi Roll nocciola 250 g,"3,96 € / Kg","0,99€","Biscotti, cereali e dolci",Dessert e pasticceria
Balconi Torta TiramiSù 400 g,"5,62 € / Kg","2,25€","Biscotti, cereali e dolci",Dessert e pasticceria
Balconi Viennese 400 g,"5,62 € / Kg","2,25€","Biscotti, cereali e dolci",Dessert e pasticceria
Mulino Bianco Crostata Albicocca con 100% Albicocche Italiane e Farina Sostenibile 475g,"8,95 € / Kg","4,25€","Biscotti, cereali e dolci",Dessert e pasticceria
Mulino Bianco Crostata Cacao Torta con Crema alle Nocciole e Cacao e Farina Sostenibile 440g,"9,66 € / Kg","4,25€","Biscotti, cereali e dolci",Dessert e pasticceria
Mulino Bianco Torta Ricotta e Cioccolato con Ricotta Fresca 475g,"12,11 € / Kg","5,75€","Biscotti, cereali e dolci",Dessert e pasticceria
Pan di Stelle Torta 445g,"12,79 € / Kg","5,69€","Biscotti, cereali e dolci",Dessert e pasticceria
Sorbissimo Sorbetto al Limone di Sicilia 750 g,"6,87 € / Kg","5,15€","Biscotti, cereali e dolci",Dessert e pasticceria
Croissant Albicocca Congelati 6 x 65 g Conad,"6,90 € / Kg","2,69€","Biscotti, cereali e dolci",Dessert e pasticceria
Croissant Senza Farcitura congelati 6 pezzi 360 g Conad,"7,47 € / Kg","2,69€","Biscotti, cereali e dolci",Dessert e pasticceria
La Pasticceria Profiteroles Surgelati 600 g Conad,"12,42 € / Kg","7,45€","Biscotti, cereali e dolci",Dessert e pasticceria
La Pasticceria Saint Honoré Surgelata 500 g Conad,"14,90 € / Kg","7,45€","Biscotti, cereali e dolci",Dessert e pasticceria
La Pasticceria Tiramisù Surgelato 480 g Conad,"14,56 € / Kg","6,99€","Biscotti, cereali e dolci",Dessert e pasticceria
Strudel di Mele Surgelato 600 g Sapori & Idee Conad,"8,98 € / Kg","5,39€","Biscotti, cereali e dolci",Dessert e pasticceria
Cameo My Sweet Deli Cheesecake Fragola 550 g,"10,89 € / Kg","5,99€","Biscotti, cereali e dolci",Dessert e pasticceria
Cameo My Sweet Deli Torta Mousse au chocolat 600 g,"13,15 € / Kg","7,89€","Biscotti, cereali e dolci",Dessert e pasticceria
Tre Marie Fagottino al cioccolato con Gocce di Cioccolato Fondente 6 x 65 g,"11,67 € / Kg","4,55€","Biscotti, cereali e dolci",Dessert e pasticceria
COL.CLASS.SENZA LATTOSIO MAINA 750g,"11,73 € / Kg","8,80€","Biscotti, cereali e dolci",Dessert e pasticceria
BISC.CARAMELITO IMBUST.POPPIES 150g,"9,93 € / Kg","1,49€","Biscotti, cereali e dolci",Dessert e pasticceria
BISC.COOKIES GOCCE CIOC.MERBA 150g,"8,60 € / Kg","1,29€","Biscotti, cereali e dolci",Dessert e pasticceria
BISCOTTI AL BURRO DANESITA LT.454g,"12,67 € / Kg","5,75€","Biscotti, cereali e dolci",Dessert e pasticceria
BOUNTY COOKIES VASCH.180g,"18,83 € / Kg","3,39€","Biscotti, cereali e dolci",Dessert e pasticceria
CANESTRELLI SASSELLESE VASCH. 250g,"8,20 € / Kg","2,05€","Biscotti, cereali e dolci",Dessert e pasticceria
CANTUCCI S/G NUTRIFREE 240g,"22,88 € / Kg","5,49€","Biscotti, cereali e dolci",Dessert e pasticceria
CIALDE ARROT.CIOCC.POPPIES VSC 125g,"15,12 € / Kg","1,89€","Biscotti, cereali e dolci",Dessert e pasticceria
DOLCETTI COCCO HAVANITO VASC.220g,"9,77 € / Kg","2,15€","Biscotti, cereali e dolci",Dessert e pasticceria
DULCESOL MACARONS FR.DI BOSCO80g,"26,88 € / Kg","2,15€","Biscotti, cereali e dolci",Dessert e pasticceria
M&M COOKIES VASCH.180g,"18,83 € / Kg","3,39€","Biscotti, cereali e dolci",Dessert e pasticceria
MARS COOKIES VASCH.162g,"20,93 € / Kg","3,39€","Biscotti, cereali e dolci",Dessert e pasticceria
PLAISIR CHOC.ROL.CACAO RIC.LATT100g,"16,90 € / Kg","1,69€","Biscotti, cereali e dolci",Dessert e pasticceria
PLAISIR CHOCOL.CREPE DENTELLE 120g,"16,90 € / Kg","1,69€","Biscotti, cereali e dolci",Dessert e pasticceria
PLASIR CHOCOLATE CIOCC.LATTE 5x38g,"9,95 € / Kg","1,89€","Biscotti, cereali e dolci",Dessert e pasticceria
TORTINO LIM/FARRO BIO GERMINAL 180g,"14,72 € / Kg","2,65€","Biscotti, cereali e dolci",Dessert e pasticceria
6PAINS CHOCO.BRIOCHE PASQUIER270g,"9,96 € / Kg","2,69€","Biscotti, cereali e dolci",Dessert e pasticceria
CANNOLI VUOTI MARISTELLA 150g,"13,67 € / Kg","2,05€","Biscotti, cereali e dolci",Dessert e pasticceria
VOLAUVENT VSC.SF.TORINO 200g,"13,25 € / Kg","2,65€","Biscotti, cereali e dolci",Dessert e pasticceria
Espresso Brasile Caffè Macinato 250 g Sapori & Idee Conad,"17,56 € / Kg","4,39€",Caffè e infusi,Caffè macinato
Qualità Espresso Bar 2 x 250 g Conad,"8,90 € / Kg","4,45€",Caffè e infusi,Caffè macinato
Qualità Espresso BAR per Macchine Espresso g250 Conad,"9,40 € / Kg","2,35€",Caffè e infusi,Caffè macinato
Splendid Espresso 500 g,10.8 € / Kg,"4,49€",Caffè e infusi,Caffè macinato
Caffè HAG Espresso Decaffeinato 250 g,"13,16 € / Kg","3,29€",Caffè e infusi,Caffè macinato
Illy Tostato Classico Caffè Macinato Ideale per Espresso 250 g,"25,96 € / Kg","6,49€",Caffè e infusi,Caffè macinato
Kimbo Espresso Napoletano 2 x 250 g,"12,98 € / Kg","6,49€",Caffè e infusi,Caffè macinato
Lavazza Crema e Gusto Espresso Classico Caffè Macinato 2 x 250 g,"12,58 € / Kg","6,29€",Caffè e infusi,Caffè macinato
Lavazza Crema e Gusto Espresso Forte Caffè Macinato 2 x 250 g,"10,70 € / Kg","5,35€",Caffè e infusi,Caffè macinato
"Lavazza, Crema e Gusto Classico Espresso Caffè Macinato - 250 g","14,60 € / Kg","3,65€",Caffè e infusi,Caffè macinato
Segafredo Zanetti Espresso Casa 2 x 250 g,"13,98 € / Kg","6,99€",Caffè e infusi,Caffè macinato
100% Arabica Aromatico e Pregiato Caffè Macinato 2 x 250 g Conad,"11,70 € / Kg","5,85€",Caffè e infusi,Caffè macinato
Caffè arabica 100% Biologico g 250 Verso Natura Equo Conad,"18,36 € / Kg","4,59€",Caffè e infusi,Caffè macinato
Caffè Macinato Qualità Classica 2 x 250 g Conad,"7,50 € / Kg","3,75€",Caffè e infusi,Caffè macinato
Decaffeinato Metodo Naturale g 250 Conad,"10,76 € / Kg","2,69€",Caffè e infusi,Caffè macinato
Gusto & Aroma Deciso e Intenso Caffè Macinato 250 g Conad,"7,80 € / Kg","1,95€",Caffè e infusi,Caffè macinato
Gusto & Aroma Deciso e Intenso g 250X2 Conad,"7,40 € / Kg","3,70€",Caffè e infusi,Caffè macinato
Gusto & Aroma Gusto Morbido e Rotondo g 250 Conad,"7,80 € / Kg","1,95€",Caffè e infusi,Caffè macinato
Qualità Classica Pieno e Corposo g250 Conad,"7,96 € / Kg","1,99€",Caffè e infusi,Caffè macinato
Kimbo Aroma Italiano 2 x 250 g,10.9 € / Kg,"3,10€",Caffè e infusi,Caffè macinato
Lavazza Qualità Rossa Compatibile con Nespresso Original 80 Capsule 456 g,53.2 € / Kg,"19,90€",Caffè e infusi,Caffè macinato
Caffè HAG Classico Decaffeinato 250 g,"12,40 € / Kg","3,10€",Caffè e infusi,Caffè macinato
Illy Decaffeinato Caffè Macinato Decaffeinato per Tutte le Preparazioni 250 g,"27,56 € / Kg","6,89€",Caffè e infusi,Caffè macinato
Illy Tostato Classico Caffè Macinato Ideale per Moka 250 g,"27,56 € / Kg","6,89€",Caffè e infusi,Caffè macinato
Illy Tostato Intenso Caffè Macinato Ideale per Moka 250 g,"27,56 € / Kg","6,89€",Caffè e infusi,Caffè macinato
Kimbo Macinato Fresco 2 x 250 g,"12,98 € / Kg","6,49€",Caffè e infusi,Caffè macinato
Lavazza Qualità Oro Compatibile con Nespresso Original 10 Capsule 55 g,"68,91 € / Kg","3,79€",Caffè e infusi,Caffè macinato
Lavazza Qualità Rossa Caffè Macinato - 250 g,"14,76 € / Kg","3,69€",Caffè e infusi,Caffè macinato
Lavazza Qualità Rossa Caffè Macinato 2 x 250 g,"12,58 € / Kg","6,29€",Caffè e infusi,Caffè macinato
Lavazza Qualità Rossa Compatibile con Nespresso Original 30 Capsule 171 g,"55,50 € / Kg","9,49€",Caffè e infusi,Caffè macinato
"Lavazza, Crema e Gusto Classico Caffè Macinato - 2 x 250 g","11,38 € / Kg","5,69€",Caffè e infusi,Caffè macinato
"Lavazza, Crema e Gusto Classico Caffè Macinato - 250 g","13,16 € / Kg","3,29€",Caffè e infusi,Caffè macinato
"Lavazza, Crema e Gusto Dolce Caffè Macinato - 250 g","12,36 € / Kg","3,09€",Caffè e infusi,Caffè macinato
"Lavazza, Dek Intenso Caffè Macinato Decaffeinato - 250 g","9,96 € / Kg","2,49€",Caffè e infusi,Caffè macinato
"Lavazza, Qualità Oro Caffè d'Altura Macinato - 250 g","18,36 € / Kg","4,59€",Caffè e infusi,Caffè macinato
"Lavazza, Qualità Oro Sinfonia Perfetta Caffè Macinato - 2 x 250 g","16,38 € / Kg","8,19€",Caffè e infusi,Caffè macinato
"Lavazza, Qualità Oro Sinfonia Perfetta Caffè Macinato - 250 g","18,36 € / Kg","4,59€",Caffè e infusi,Caffè macinato
"Lavazza, Suerte Caffè Macinato - 2 x 250 g","7,58 € / Kg","3,79€",Caffè e infusi,Caffè macinato
Segafredo Zanetti Intermezzo 2 x 250 g,"10,78 € / Kg","5,39€",Caffè e infusi,Caffè macinato
Splendid Classico 2 x 250 g,"7,96 € / Kg","3,98€",Caffè e infusi,Caffè macinato
CAFFE'PELLINI TOP ARABICA 250g,"19,96 € / Kg","4,99€",Caffè e infusi,Caffè macinato
CAFFE'PELLINI N42 TRADIZ.MOKA2x250g,"12,98 € / Kg","6,49€",Caffè e infusi,Caffè macinato
Caffè & Ginseng 16 Capsule compatibili Nescafè Dolce Gusto 160 g Conad,"26,25 € / Kg","4,20€",Caffè e infusi,Cialde e capsule
Cortado 16 Capsule compatibili Nescafè Dolce Gusto 100 g Conad,"42,00 € / Kg","4,20€",Caffè e infusi,Cialde e capsule
Espresso 100% Arabica 10 Capsule Compatibili con le macchine Espresso 69 g Conad,"37,54 € / Kg","2,59€",Caffè e infusi,Cialde e capsule
Espresso 100% Arabica 10 Capsule compatibili con le macchine Nespresso 50 g Conad,"42,00 € / Kg","2,10€",Caffè e infusi,Cialde e capsule
Espresso 100% Arabica 16 Capsule compatibili con le macchine Lavazza a Modo Mio 120 g Conad,"31,58 € / Kg","3,79€",Caffè e infusi,Cialde e capsule
Espresso 100% Arabica 16 Capsule compatibili con le macchine Nescafé Dolce Gusto 96 g Conad,"41,56 € / Kg","3,99€",Caffè e infusi,Cialde e capsule
Espresso Brasile 10 Capsule Compatibili con le Macchine Nespresso* 50 g Sapori & Idee Conad,"49,80 € / Kg","2,49€",Caffè e infusi,Cialde e capsule
Espresso Corposo 10 Capsule compatibili con le macchine Espresso 69 g Conad,"37,54 € / Kg","2,59€",Caffè e infusi,Cialde e capsule
Espresso Corposo 10 Capsule compatibili con le macchine Nespresso 50 g Conad,"42,00 € / Kg","2,10€",Caffè e infusi,Cialde e capsule
Espresso Corposo 16 Capsule compatibili con le macchine Lavazza a Modo Mio 120 g Conad,"31,58 € / Kg","3,79€",Caffè e infusi,Cialde e capsule
Espresso Corposo 16 Capsule compatibili con le macchine Nescafé Dolce Gusto 117 g Conad,"34,10 € / Kg","3,99€",Caffè e infusi,Cialde e capsule
Espresso Corposo 32 Capsule compatibili con le macchine Lavazza a Modo Mio 240 g Conad,"28,75 € / Kg","6,90€",Caffè e infusi,Cialde e capsule
Espresso Corposo 50 Capsule compatibili con le macchine Nespresso 250 g Conad,"37,96 € / Kg","9,49€",Caffè e infusi,Cialde e capsule
Espresso Decaffeinato 10 capsule Compatibili con le macchine Espresso 69 g Conad,"37,54 € / Kg","2,59€",Caffè e infusi,Cialde e capsule
Espresso Decaffeinato 10 Capsule compatibili con le macchine Nespresso 50 g Conad,"42,00 € / Kg","2,10€",Caffè e infusi,Cialde e capsule
Espresso Decaffeinato 16 Capsule compatibili con le macchine Lavazza a Modo Mio 120 g Conad,"31,58 € / Kg","3,79€",Caffè e infusi,Cialde e capsule
Espresso Decaffeinato 16 Capsule compatibili con le macchine Nescafé Dolce Gusto 96 g Conad,"41,56 € / Kg","3,99€",Caffè e infusi,Cialde e capsule
Espresso Forte 10 Capsule compatibili con le macchine Nespresso 50 g Conad,"42,00 € / Kg","2,10€",Caffè e infusi,Cialde e capsule
Espresso India 10 Capsule Compatibili con le Macchine Nespresso* 50 g Sapori & Idee Conad,"49,80 € / Kg","2,49€",Caffè e infusi,Cialde e capsule
Lavazza A Modo Mio crema e gusto 36 Capsule 270 g,41.7 € / Kg,"8,79€",Caffè e infusi,Cialde e capsule
Lavazza A Modo Mio Dek 36 Capsule 270 g,41.7 € / Kg,"8,79€",Caffè e infusi,Cialde e capsule
Lavazza A Modo Mio Qualità Rossa 36 Capsule 270 g,41.7 € / Kg,"8,79€",Caffè e infusi,Cialde e capsule
Caffè HAG Classico Decaffeinato 6 10 Capsule Compatibili con Macchine Nespresso* 52 g,"57,50 € / Kg","2,99€",Caffè e infusi,Cialde e capsule
Illy Classico Espresso 10 Capsule Compatibili con le Macchine Nespresso* 57 g,"75,26 € / Kg","4,29€",Caffè e infusi,Cialde e capsule
Illy Decaffeinato Espresso 10 Capsule Compatibili con le Macchine Nespresso* 57 g,"75,26 € / Kg","4,29€",Caffè e infusi,Cialde e capsule
Illy Forte Espresso 10 Capsule Compatibili con le Macchine Nespresso* 57 g,"75,26 € / Kg","4,29€",Caffè e infusi,Cialde e capsule
Illy Intenso Espresso 10 Capsule Compatibili con le Macchine Nespresso* 57 g,"75,26 € / Kg","4,29€",Caffè e infusi,Cialde e capsule
Kimbo Uno capsule system Espresso decaffeinato 16 x 7 g,"45,98 € / Kg","5,15€",Caffè e infusi,Cialde e capsule
Kimbo Uno capsule system Espresso Napoli 16 x 7 g,"45,98 € / Kg","5,15€",Caffè e infusi,Cialde e capsule
Kimbo Uno capsule system Espresso sublime 100% arabica 16 x 7 g,"45,98 € / Kg","5,15€",Caffè e infusi,Cialde e capsule
L'Or Espresso Decaffeinato Ristretto 10 Capsule 52 g,"64,42 € / Kg","3,35€",Caffè e infusi,Cialde e capsule
L'Or Espresso Forza 10 Capsule 52 g,"67,12 € / Kg","3,49€",Caffè e infusi,Cialde e capsule
L'Or Espresso Onyx 10 Capsule 52 g,"67,12 € / Kg","3,49€",Caffè e infusi,Cialde e capsule
L'Or Espresso Ristretto 10 Capsule 52 g,"67,12 € / Kg","3,49€",Caffè e infusi,Cialde e capsule
L'Or Espresso Selection Barista 10 Capsule 52 g,"67,12 € / Kg","3,49€",Caffè e infusi,Cialde e capsule
L'Or Espresso Splendente  10 Capsule 52 g,"67,12 € / Kg","3,49€",Caffè e infusi,Cialde e capsule
Lavazza A Modo Mio Espresso Delizioso 36 Capsule 270 g,"41,07 € / Kg","11,09€",Caffè e infusi,Cialde e capsule
Lavazza A Modo Mio Espresso Intenso 36 Capsule 270 g,"41,07 € / Kg","11,09€",Caffè e infusi,Cialde e capsule
Lavazza A Modo Mio Qualità Oro 16 Capsule 120 g,"58,25 € / Kg","6,99€",Caffè e infusi,Cialde e capsule
Lavazza A Modo Mio Suerte 36 Capsule 270 g,"30,33 € / Kg","8,19€",Caffè e infusi,Cialde e capsule
"Lavazza A Modo Mio, Caffè Ginseng - 12 Capsule","63,75 € / Kg","4,59€",Caffè e infusi,Cialde e capsule
Lavazza Cappuccino Compatibile** con Macchine Nescafé Dolce Gusto* 8 x 17 g   8 x 8 g 200 g,"23,95 € / Kg","4,79€",Caffè e infusi,Cialde e capsule
Lavazza Crema e Gusto Classico Compatibile con Nespresso Original 30 Capsule 171 g,"55,50 € / Kg","9,49€",Caffè e infusi,Cialde e capsule
Lavazza crema e gusto Compatibile con Nespresso Original 30 Capsule 165 g,"51,45 € / Kg","8,49€",Caffè e infusi,Cialde e capsule
Lavazza Dek Compatibile con Macchine Nespresso Original 30 Capsule 174 g,"54,54 € / Kg","9,49€",Caffè e infusi,Cialde e capsule
Lavazza Espresso Intenso Compatibile con Macchine Nescafé Dolce Gusto* 30 x 8 g,"35,38 € / Kg","8,49€",Caffè e infusi,Cialde e capsule
Lavazza iTierra! Bio-Organic For Planet Compatibile con Nespresso Original 10 Capsule 55 g,"68,91 € / Kg","3,79€",Caffè e infusi,Cialde e capsule
"NESCAFÉ DOLCE GUSTO Caffè Ginseng Caffè al Ginseng 16 capsule 108,8 g","55,06 € / Kg","5,99€",Caffè e infusi,Cialde e capsule
"NESCAFÉ DOLCE GUSTO Cappuccino 16 capsule 186,4 g","32,14 € / Kg","5,99€",Caffè e infusi,Cialde e capsule
NESCAFÉ DOLCE GUSTO Cortado Espresso Macchiato caffè macchiato 16 capsule (16 tazze),"59,42 € / Kg","5,99€",Caffè e infusi,Cialde e capsule
NESCAFÉ DOLCE GUSTO Cortado Espresso Macchiato caffè macchiato 30 capsule (30 tazze),"49,68 € / Kg","9,39€",Caffè e infusi,Cialde e capsule
"NESCAFÉ DOLCE GUSTO Cortado Espresso Macchiato Decaffeinato caffè 16 capsule 99,2 g","60,38 € / Kg","5,99€",Caffè e infusi,Cialde e capsule
NESCAFÉ DOLCE GUSTO Espresso Ardenza Caffè 30 capsule 210 g,"44,71 € / Kg","9,39€",Caffè e infusi,Cialde e capsule
Nescafé Dolce Gusto Espresso Ardenza Caffè espresso 16 capsule (16 tazze),"53,48 € / Kg","5,99€",Caffè e infusi,Cialde e capsule
NESCAFÉ DOLCE GUSTO Espresso Barista Caffè 16 capsule 112 g,"53,48 € / Kg","5,99€",Caffè e infusi,Cialde e capsule
NESCAFÉ DOLCE GUSTO Espresso Barista Caffè 30 capsule 210 g,"44,71 € / Kg","9,39€",Caffè e infusi,Cialde e capsule
NESCAFÉ DOLCE GUSTO Espresso Decaffeinato Caffè 16 capsule 88 g,"68,07 € / Kg","5,99€",Caffè e infusi,Cialde e capsule
NESCAFÉ DOLCE GUSTO Espresso Intenso Caffè 16 capsule 112 g,"53,48 € / Kg","5,99€",Caffè e infusi,Cialde e capsule
NESCAFÉ DOLCE GUSTO Espresso Napoli Caffè 16 capsule 128 g,"38,98 € / Kg","4,99€",Caffè e infusi,Cialde e capsule
NESCAFÉ DOLCE GUSTO ESPRESSO NAPOLI Caffè espresso 30 capsule (30 tazze),"35,83 € / Kg","8,60€",Caffè e infusi,Cialde e capsule
NESCAFÉ DOLCE GUSTO Espresso Roma Caffè espresso 30 capsule (30 tazze),"46,24 € / Kg","8,60€",Caffè e infusi,Cialde e capsule
Ristora Caffè e Ginseng Capsule Compatibili con Macchine Nescafè Dolce Gusto 10 x 17 g,"17,59 € / Kg","2,99€",Caffè e infusi,Cialde e capsule
"Ristora Caffè e Ginseng capsule compatibili con macchine Nespresso* 10 x 7,5 g","39,87 € / Kg","2,99€",Caffè e infusi,Cialde e capsule
Splendid Classico Espresso 10 Capsule Compatibili con Macchine Nespresso* 10 Capsule 52 g,"58,65 € / Kg","3,05€",Caffè e infusi,Cialde e capsule
Splendid Ristretto Espresso 12 Capsule Compatibili con Macchine Nespresso* 10 Capsule 52 g,"58,65 € / Kg","3,05€",Caffè e infusi,Cialde e capsule
"STARBUCKS Caramel Macchiato by Nescafé Dolce Gusto Latte Macchiato al caramello 12 capsule 127,8 g","42,18 € / Kg","5,39€",Caffè e infusi,Cialde e capsule
STARBUCKS Decaf Espresso Roast by Nespresso Caffè espresso 10 capsule 57 g,"73,51 € / Kg","4,19€",Caffè e infusi,Cialde e capsule
STARBUCKS House Blend by Nespresso Caffè lungo 10 capsule 57 g,"73,51 € / Kg","4,19€",Caffè e infusi,Cialde e capsule
STARBUCKS Single Origin Colombia by Nespresso Caffè espresso 10 capsule 57 g,"73,51 € / Kg","4,19€",Caffè e infusi,Cialde e capsule
STARBUCKS Single Origin Sumatra by Nespresso Caffè espresso 10 capsule 55 g,"76,18 € / Kg","4,19€",Caffè e infusi,Cialde e capsule
Qualità Espresso Bar 18 Cialde Monodose per Macchine Espresso 125 g Conad,"23,92 € / Kg","2,99€",Caffè e infusi,Cialde e capsule
Qualità Espresso Bar Decaffeinato 18 Cialde Monodose 125 g Conad,"23,92 € / Kg","2,99€",Caffè e infusi,Cialde e capsule
Illy Classico 18 Cialde per Caffè Espresso 131 g,"39,31 € / Kg","5,15€",Caffè e infusi,Cialde e capsule
Kimbo Espresso Napoletano Formula Bar 15 Cialde Compostabili* 109.5 g,"26,51 € / Kg","2,89€",Caffè e infusi,Cialde e capsule
Lavazza Crema e Gusto Classico 18 Cialde 125 g,"23,60 € / Kg","2,95€",Caffè e infusi,Cialde e capsule
STARBUCKS NESPR.ESPRESSO ROAST 36C,"64,31 € / Kg","9,99€",Caffè e infusi,Cialde e capsule
CAFFE'CHIC.D'ORO NESP.FORTE 10CAPS,"59,82 € / Kg","3,29€",Caffè e infusi,Cialde e capsule
ESPRES.LUXURY ARMON.PELLINI10CPS50g,"71,80 € / Kg","3,59€",Caffè e infusi,Cialde e capsule
ESPRES.LUXURY MAGNI.PELLINI10CPS50g,"71,80 € / Kg","3,59€",Caffè e infusi,Cialde e capsule
ESPRESSO ARABICA VERGN.COMP.10CP50g,"64,00 € / Kg","3,20€",Caffè e infusi,Cialde e capsule
ESPRESSO CREMOSO VERGN.COMP.10CP50g,"64,00 € / Kg","3,20€",Caffè e infusi,Cialde e capsule
ESPRESSO LUXURY SUP.PELLINI 10CP50g,"69,80 € / Kg","3,49€",Caffè e infusi,Cialde e capsule
ESPRESSO TOP ARAB.PELLINI 10CPS 50g,"71,80 € / Kg","3,59€",Caffè e infusi,Cialde e capsule
Qualità Espresso Bar Pieno e Corposo in Grani 1 kg Conad,"11,30 € / Kg","11,30€",Caffè e infusi,Caffè in grani
Lavazza Qualità Oro Espresso Caffè in Grani 1000 g,"17,49 € / Kg","17,49€",Caffè e infusi,Caffè in grani
Lavazza Qualità Rossa Espresso Caffè in Grani 1000 g,"13,69 € / Kg","13,69€",Caffè e infusi,Caffè in grani
"Lavazza, Crema e Gusto Classico Espresso Caffè Grani - 1000 g","11,59 € / Kg","11,59€",Caffè e infusi,Caffè in grani
CAFFE'PELLINI N°82 VIVACE GRANI 1kg,"15,95 € / Kg","15,95€",Caffè e infusi,Caffè in grani
Caffè & Ginseng Solubile 250 g Conad,"9,00 € / Kg","2,25€",Caffè e infusi,Caffè solubile
Caffè solubile Aroma Classico 100 g Conad,"29,50 € / Kg","2,95€",Caffè e infusi,Caffè solubile
Caffè solubile Aroma Intenso 100 g Conad,"31,50 € / Kg","3,15€",Caffè e infusi,Caffè solubile
Caffè solubile decaffeinato g.  100 Conad,"34,50 € / Kg","3,45€",Caffè e infusi,Caffè solubile
Cappuccino 250 g Conad,"13,00 € / Kg","3,25€",Caffè e infusi,Caffè solubile
Nescafé Classic Caffè solubile barattolo 100g,"49,50 € / Kg","4,95€",Caffè e infusi,Caffè solubile
"NESCAFÉ Gold Caffè Solubile 20 Bustine da 1,7g","58,53 € / Kg","1,99€",Caffè e infusi,Caffè solubile
Nescafé Gold Caffè solubile barattolo 100g,"56,90 € / Kg","5,69€",Caffè e infusi,Caffè solubile
NESCAFÉ Gold Cappuccino Double Choco Cappuccino solubile con cacao astuccio 8 bustine 148 g,"28,99 € / Kg","4,29€",Caffè e infusi,Caffè solubile
NESCAFÉ Gold Cappuccino Preparato solubile per cappuccino astuccio 10 bustine 140g,"30,64 € / Kg","4,29€",Caffè e infusi,Caffè solubile
NESCAFÉ Gold Cappuccino Preparato solubile per cappuccino barattolo 250g,"21,96 € / Kg","5,49€",Caffè e infusi,Caffè solubile
NESCAFÉ Gold Cappuccino Preparato solubile per cappuccino da zuccherare barattolo 200g,"20,95 € / Kg","4,19€",Caffè e infusi,Caffè solubile
NESCAFÉ Gold Cappuccino Preparato solubile per cappuccino decaf astuccio 10 bustine 125g,"34,32 € / Kg","4,29€",Caffè e infusi,Caffè solubile
Nescafé Gold Decaf Caffè solubile decaffeinato barattolo 100g,"56,90 € / Kg","5,69€",Caffè e infusi,Caffè solubile
NESCAFÉ Gold Espresso Caffè solubile barattolo 100 g,"46,90 € / Kg","4,69€",Caffè e infusi,Caffè solubile
NESCAFÉ Gold Ginseng da Zuccherare Preparato solubile per caffè al ginseng astuccio 10 bustine 60g,"45,00 € / Kg","2,70€",Caffè e infusi,Caffè solubile
NESCAFÉ Gold Ginseng Preparato solubile per caffè al ginseng astuccio 10 bustine 70g,"38,57 € / Kg","2,70€",Caffè e infusi,Caffè solubile
NESCAFÉ Gold Mocaccino Preparato solubile per caffè al cacao astuccio 11 bustine 88g,"31,25 € / Kg","2,75€",Caffè e infusi,Caffè solubile
Nescafé per Latte Caffè solubile barattolo 100g,"37,90 € / Kg","3,79€",Caffè e infusi,Caffè solubile
NESCAFÉ Red Cup Crema Caffè solubile barattolo 100g,"42,00 € / Kg","4,20€",Caffè e infusi,Caffè solubile
Ristora Preparato istantaneo per bevanda al gusto di Caffè & Ginseng 10 x 10 g,"23,50 € / Kg","2,35€",Caffè e infusi,Caffè solubile
"Classico Tè Nero 25 filtri da 1,7 g Conad","22,79 € / Kg","0,98€",Caffè e infusi,Tè
"Deteinato Tè Nero 25 filtri da 1,5 g Conad","28,95 € / Kg","1,10€",Caffè e infusi,Tè
Tè nero - Classico  Biologico - 20 filtri g 35 Verso Natura Equo Conad,"39,71 € / Kg","1,39€",Caffè e infusi,Tè
Tè Verde 25 Filtri da 2 g Conad,"25,80 € / Kg","1,29€",Caffè e infusi,Tè
Tè verde biologico 20 filtri g 35 Verso Natura Equo Conad,"39,71 € / Kg","1,39€",Caffè e infusi,Tè
Lipton Tè Nero al Limone 20 Filtri 30 g,"66,33 € / Kg","1,99€",Caffè e infusi,Tè
"Lipton Tè Verde Classico 25 Filtri 32,5 g","66,36 € / Kg","2,19€",Caffè e infusi,Tè
Lipton Yellow Label Classico 50 Filtri 75 g,"46,53 € / Kg","3,49€",Caffè e infusi,Tè
"Lipton Yellow Label Deteinato 25 Filtri 37,5 g","70,79 € / Kg","2,69€",Caffè e infusi,Tè
Sir Winston Tea Tè alla Pesca Deteinato 20 bustine 30 g,"88,33 € / Kg","2,65€",Caffè e infusi,Tè
"Sir Winston Tea Tè Bianco con Mango e Limone 20 x 1,25 g","119,60 € / Kg","2,99€",Caffè e infusi,Tè
"Sir Winston Tea Tè Rosso Lampone e Vaniglia 20 x 1,5 g","93,00 € / Kg","2,79€",Caffè e infusi,Tè
"Sir Winston Tea Tè Verde Biologico 20 x 1,75 g","79,71 € / Kg","2,79€",Caffè e infusi,Tè
"Sir Winston Tea Tè Verde con Matcha 20 x 1,75 g","82,57 € / Kg","2,89€",Caffè e infusi,Tè
"Sir Winston Tea Té Verde Deteinato 20 x 1,75 g","75,71 € / Kg","2,65€",Caffè e infusi,Tè
"Sir Winston Tea Tè Verde Limone 20 x 1,75 g","72,86 € / Kg","2,55€",Caffè e infusi,Tè
"Sir Winston Tea Tè Verde Medio 24 x 1,75 g","51,19 € / Kg","2,15€",Caffè e infusi,Tè
"Sir Winston Tea Zenzero e Arancia Tè Verde 20 x 1,75 g","72,86 € / Kg","2,55€",Caffè e infusi,Tè
Sir Winston Tea Zenzero e limone tè nero 35 g,"70,00 € / Kg","2,45€",Caffè e infusi,Tè
"Star Tea Classico 25 x 1,5 g","39,73 € / Kg","1,49€",Caffè e infusi,Tè
"Star Tea Deteinato 25 x 1,5 g","56,49 € / Kg","2,09€",Caffè e infusi,Tè
"Star Tea Verde 25 x 1,6 g","57,25 € / Kg","2,29€",Caffè e infusi,Tè
"Thé Infré Classico Deteinato 23 Filtri 34,5 g","94,20 € / Kg","3,25€",Caffè e infusi,Tè
Twinings Classics Agrumance Tea 40 g,"71,25 € / Kg","2,85€",Caffè e infusi,Tè
Twinings Classics Earl Grey Tea 50 g,"57,00 € / Kg","2,85€",Caffè e infusi,Tè
Twinings Classics English Breakfast Tea 40 g,"71,25 € / Kg","2,85€",Caffè e infusi,Tè
Twinings Classics Lemon Scented Tea 40 g,"71,25 € / Kg","2,85€",Caffè e infusi,Tè
Twinings DeTea Earl Grey Deteinato 20 x 2 g,"82,25 € / Kg","3,29€",Caffè e infusi,Tè
Twinings Peach Tea 40 g,"84,75 € / Kg","3,39€",Caffè e infusi,Tè
Twinings Prince of Wales Tea Classics 20 x 2 g,"71,25 € / Kg","2,85€",Caffè e infusi,Tè
"Twinings SuperGood Tè nero aromatizzato Cocco e Frutto della Passione 20 x 1,6 g","93,44 € / Kg","2,99€",Caffè e infusi,Tè
Twinings Tè Neri Aromatizzati Collection 20 x 2 g,"72,25 € / Kg","2,89€",Caffè e infusi,Tè
Twinings Tè nero aromatizzato Frutti Rossi 20 x 2 g,"84,75 € / Kg","3,39€",Caffè e infusi,Tè
Twinings Tè Verde Pure Green Tea 25 x 2 g,"57,00 € / Kg","2,85€",Caffè e infusi,Tè
Twinings Tè Verdi Collection 20 x 2 g,"72,25 € / Kg","2,89€",Caffè e infusi,Tè
Twinings Vanilla Tea 40 g,"84,75 € / Kg","3,39€",Caffè e infusi,Tè
TE EVERTON DETE.VER.EARLY GREY 40F,"38,71 € / Kg","3,29€",Caffè e infusi,Tè
TE EVERTON VERDE EARL GREY 40FL,"38,71 € / Kg","3,29€",Caffè e infusi,Tè
"Infuso Frutti Misti & Vitamine 20 x 2,5 g Conad",38.8 € / Kg,"1,55€",Caffè e infusi,Infusi e tisane
"Infuso Limone & Zenzero 20 filtri da 2,5 g Conad",38.8 € / Kg,"1,55€",Caffè e infusi,Infusi e tisane
"Infuso Malva & Melissa 20 filtri da 2,5 g Conad",38.8 € / Kg,"1,55€",Caffè e infusi,Infusi e tisane
"Infuso Mirtillo 20 filtri da 2,5 g Conad",38.8 € / Kg,"1,55€",Caffè e infusi,Infusi e tisane
Infuso Finocchio Biologico 20 filtri da 3 g Verso Natura Bio Conad,"36,50 € / Kg","2,19€",Caffè e infusi,Infusi e tisane
"Infuso Zenzero, Curcuma e Frutti Tropicali Biologico 20 filtri da 2,5 g Verso Natura Bio Conad","43,80 € / Kg","2,19€",Caffè e infusi,Infusi e tisane
"Tisana Camomilla & Melissa Rilassante* 20 filtri da 2,5 g Conad","37,00 € / Kg","1,85€",Caffè e infusi,Infusi e tisane
"Tisana Finocchio Menta & Anice Ventre piatto* 20 filtri da 2,5 g Conad","37,00 € / Kg","1,85€",Caffè e infusi,Infusi e tisane
"Tisana Liquirizia, Rabarbaro & Ortica Regolarità 20 filtri da 2,5 g Conad","37,00 € / Kg","1,85€",Caffè e infusi,Infusi e tisane
Bonomelli Tisane Rilassante 16 Filtri 32 g,"79,69 € / Kg","2,55€",Caffè e infusi,Infusi e tisane
Bonomelli Tisane Ventre Sgonfio 16 Filtri 32 g,"79,69 € / Kg","2,55€",Caffè e infusi,Infusi e tisane
Equilibra Detox 15 x 2 g,"79,67 € / Kg","2,39€",Caffè e infusi,Infusi e tisane
Equilibra Pancia Piatta 15 x 2 g,"79,67 € / Kg","2,39€",Caffè e infusi,Infusi e tisane
Equilibra Snella & in Linea 15 x 2 g,"79,67 € / Kg","2,39€",Caffè e infusi,Infusi e tisane
Lipton Erbe per Tisana Digestiva* 20 Filtri 32 g,"71,56 € / Kg","2,29€",Caffè e infusi,Infusi e tisane
Lipton Erbe per Tisana Rilassante* 20 Filtri 30 g,"76,33 € / Kg","2,29€",Caffè e infusi,Infusi e tisane
Pompadour Camomilla Finocchio da Agricoltura Biologica 18 x 2 g,"77,50 € / Kg","2,79€",Caffè e infusi,Infusi e tisane
"Pompadour Infuso Cacao Arancia con Canapa* 20 x 1,8 g","83,06 € / Kg","2,99€",Caffè e infusi,Infusi e tisane
Pompadour Infuso Ciliegia Fragola 20 x 3 g,"47,50 € / Kg","2,85€",Caffè e infusi,Infusi e tisane
Pompadour Infuso Finocchio 20 x 2 g,"69,75 € / Kg","2,79€",Caffè e infusi,Infusi e tisane
"Pompadour Infuso Fiori di Malva 20 x 1,5 g","93,00 € / Kg","2,79€",Caffè e infusi,Infusi e tisane
Pompadour Infuso Frutti di Bosco e Vitamine 20 x 3 g,"47,50 € / Kg","2,85€",Caffè e infusi,Infusi e tisane
Pompadour Infuso Frutti Misti 20 x 3 g,"46,50 € / Kg","2,79€",Caffè e infusi,Infusi e tisane
Pompadour Infuso Karkadé 20 x 2 g,"69,75 € / Kg","2,79€",Caffè e infusi,Infusi e tisane
"Pompadour Infuso Melissa 20 x 1,8 g","77,50 € / Kg","2,79€",Caffè e infusi,Infusi e tisane
"Pompadour Infuso Zenzero Curcuma 20 x 1,8 g","79,17 € / Kg","2,85€",Caffè e infusi,Infusi e tisane
"Pompadour Infuso Zenzero Limone 20 x 1,8 g","79,17 € / Kg","2,85€",Caffè e infusi,Infusi e tisane
"Pompadour Le Tisane Depurativa con Tarassaco e Curcuma 18 x 2,2 g","70,45 € / Kg","2,79€",Caffè e infusi,Infusi e tisane
"Pompadour Le Tisane Relax con Valeriana e Melissa 18 x 2,2 g","70,45 € / Kg","2,79€",Caffè e infusi,Infusi e tisane
"Pompadour Le Tisane Snellente con Matè e Verbena 18 x 2,2 g","70,45 € / Kg","2,79€",Caffè e infusi,Infusi e tisane
Sognid'oro a Caldo & a Freddo Limone e Zenzero 20 x 2 g,"69,75 € / Kg","2,79€",Caffè e infusi,Infusi e tisane
"Sognid'oro Delizie & Frutta Secca Fave di Cacao e Nocciola con Scorza di Arancia 16 x 2,5 g","84,75 € / Kg","3,39€",Caffè e infusi,Infusi e tisane
"Sognid'oro Delizie & Frutta Secca Pistacchio e Mandorla con Scorza di Limone 16 x 2,5 g","84,75 € / Kg","3,39€",Caffè e infusi,Infusi e tisane
"Sognid'oro Delizie & Frutta Secca Vaniglia e Mandorla con Cannella 16 x 2,5 g","84,75 € / Kg","3,39€",Caffè e infusi,Infusi e tisane
Sognid'oro Digestiva 20 x 2 g,"60,00 € / Kg","2,40€",Caffè e infusi,Infusi e tisane
"Sognid'oro Drenante 20 x 1,8 g","60,00 € / Kg","2,40€",Caffè e infusi,Infusi e tisane
Sognid'oro Finocchio 20 x 2 g,"60,00 € / Kg","2,40€",Caffè e infusi,Infusi e tisane
Sognid'oro Regolarità 20 x 2 g,"60,00 € / Kg","2,40€",Caffè e infusi,Infusi e tisane
Sognid'oro Rilassante 20 x 2 g,"60,00 € / Kg","2,40€",Caffè e infusi,Infusi e tisane
Twinings infuso aromatizzato Collection 20 Bustine 36 g,"112,50 € / Kg","4,05€",Caffè e infusi,Infusi e tisane
"Twinings Infuso Aromatizzato Finocchio, Menta e Liquirizia 20 x 2 g","72,25 € / Kg","2,89€",Caffè e infusi,Infusi e tisane
"Twinings Infuso Aromatizzato Zenzero e Limone 20 x 1,5 g","96,33 € / Kg","2,89€",Caffè e infusi,Infusi e tisane
"Camomilla Setacciata 16 filtri da 1,5 g Conad","33,33 € / Kg","0,80€",Caffè e infusi,Infusi e tisane
Camomilla Solubile 16 Bustine da 5 g Conad,"13,50 € / Kg","1,08€",Caffè e infusi,Infusi e tisane
Camomilla Solubile con Melatonina 16 Bustine da 4 g Conad,"35,78 € / Kg","2,29€",Caffè e infusi,Infusi e tisane
Bonomelli Camomilla in Filtri con Melatonina e con Magnesio Setacciata in Filtri 14 filtri 35 g,"102,57 € / Kg","3,59€",Caffè e infusi,Infusi e tisane
"Bonomelli Estratto di Camomilla Solubile con Melatonina e con Magnesio Senza Zuccheri 16 x 4,5 g","42,92 € / Kg","3,09€",Caffè e infusi,Infusi e tisane
Bonomelli Estratto Zuccherato di Camomilla Solubile Classica 32 x 5 g,"16,19 € / Kg","2,59€",Caffè e infusi,Infusi e tisane
Bonomelli Filtrofiore Camomilla 14 filtri 28 g,"113,93 € / Kg","3,19€",Caffè e infusi,Infusi e tisane
Bonomelli Notti calme Camomilla Setacciata 18 Filtri 27 g,"58,89 € / Kg","1,59€",Caffè e infusi,Infusi e tisane
Sogni d'oro la Camomilla Solubile con Melatonina 16x4 g,"46,72 € / Kg","2,99€",Caffè e infusi,Infusi e tisane
"Sognid'oro La Camomilla DoppioFiore 14 x 1,8 g","140,00 € / Kg","3,50€",Caffè e infusi,Infusi e tisane
"Sognid'oro La Camomilla Setacciata 20 x 1,67 g","46,41 € / Kg","1,55€",Caffè e infusi,Infusi e tisane
Sognid'oro La Camomilla Solubile 20 x 5 g,"16,50 € / Kg","1,65€",Caffè e infusi,Infusi e tisane
Orzo & Caffè Solubile 120 g Conad,"14,58 € / Kg","1,75€",Caffè e infusi,Orzo e sostitutivi caffè
Orzo 16 capsule compatibili con le macchine Nescafé Dolce Gusto 32 g Conad,"131,25 € / Kg","4,20€",Caffè e infusi,Orzo e sostitutivi caffè
Orzo Macinato Biologico 500 g Verso Natura Bio Conad,"2,80 € / Kg","1,40€",Caffè e infusi,Orzo e sostitutivi caffè
Orzo macinato g.  500 Conad,"2,30 € / Kg","1,15€",Caffè e infusi,Orzo e sostitutivi caffè
Orzo Solubile 120 g Conad,"10,75 € / Kg","1,29€",Caffè e infusi,Orzo e sostitutivi caffè
Orzo solubile Biologico g 125 Verso Natura Bio Conad,"15,20 € / Kg","1,90€",Caffè e infusi,Orzo e sostitutivi caffè
Nestlé Orzoro Orzo Solubile barattolo 120g,16.6 € / Kg,"1,59€",Caffè e infusi,Orzo e sostitutivi caffè
Lavazza A Modo Mio Orzo 12 Capsule 24 g,"182,92 € / Kg","4,39€",Caffè e infusi,Orzo e sostitutivi caffè
NESTLÉ ORZORO Moka Orzo Macinato 500 g,"2,90 € / Kg","1,45€",Caffè e infusi,Orzo e sostitutivi caffè
NESTLÉ ORZORO Orzo e Caffè Solubile barattolo 120 g,"20,42 € / Kg","2,45€",Caffè e infusi,Orzo e sostitutivi caffè
"Orzo Bimbo Orzo 100% 10 Capsule Compatibili con Macchine caffè Nespresso* - 10 x 2,7 g","103,33 € / Kg","2,79€",Caffè e infusi,Orzo e sostitutivi caffè
Orzo Bimbo Solubile da orzo 100% italiano 120 g,"11,67 € / Kg","1,40€",Caffè e infusi,Orzo e sostitutivi caffè
Ristora Cicoria biologica 250 g,"11,80 € / Kg","2,95€",Caffè e infusi,Orzo e sostitutivi caffè
Ristora Orzo Bio Capsule Compatibili con Macchine Nescafè Dolce Gusto 10 x 3 g,"99,67 € / Kg","2,99€",Caffè e infusi,Orzo e sostitutivi caffè
Ristora Orzo Bio capsule compatibili con macchine Nespresso* 10 x 2 g,"149,50 € / Kg","2,99€",Caffè e infusi,Orzo e sostitutivi caffè
Aceto Balsamico di Modena IGP 250 ml Sapori & Dintorni Conad,"17,16 € / L","4,29€",Condimenti e conserve,"Olio, aceto e altri condimenti"
Aceto Balsamico di Modena IGP 250 ml Sapori & Dintorni Conad,"31,56 € / L","7,89€",Condimenti e conserve,"Olio, aceto e altri condimenti"
Aceto Balsamico di Modena IGP 500 ml Conad,"2,98 € / L","1,49€",Condimenti e conserve,"Olio, aceto e altri condimenti"
Aceto Balsamico di Modena IGP Biologico 250 ml Verso Natura Bio Conad,"16,60 € / L","4,15€",Condimenti e conserve,"Olio, aceto e altri condimenti"
Aceto di Mele 500 ml Conad,"3,16 € / L","1,58€",Condimenti e conserve,"Olio, aceto e altri condimenti"
Aceto di Mele Biologico 500 ml Verso Natura Bio Conad,"3,78 € / L","1,89€",Condimenti e conserve,"Olio, aceto e altri condimenti"
Aceto di Vino Bianco 1 l Conad,"0,94 € / L","0,94€",Condimenti e conserve,"Olio, aceto e altri condimenti"
Aceto di Vino Bianco 500 ml Conad,"2,10 € / L","1,05€",Condimenti e conserve,"Olio, aceto e altri condimenti"
Aceto di Vino Rosso 1 l Conad,"0,94 € / L","0,94€",Condimenti e conserve,"Olio, aceto e altri condimenti"
Aceto Bianco 1 l,"0,95 € / L","0,95€",Condimenti e conserve,"Olio, aceto e altri condimenti"
"Cirio Aceto di Vino 0,5 l","3,38 € / L","1,69€",Condimenti e conserve,"Olio, aceto e altri condimenti"
Due Vittorie Aceto Balsamico di Modena IGP 250 ml,"39,60 € / L","9,90€",Condimenti e conserve,"Olio, aceto e altri condimenti"
"Mautner Markhof Aceto di Mele 0,5 l","5,58 € / L","2,79€",Condimenti e conserve,"Olio, aceto e altri condimenti"
Monari Federzoni Aceto Balsamico di Modena IGP Gusto Rotondo 500 ml,"4,78 € / L","2,39€",Condimenti e conserve,"Olio, aceto e altri condimenti"
Ponti Aceto Balsamico di Modena I.G.P. 500 ml,"4,58 € / L","2,29€",Condimenti e conserve,"Olio, aceto e altri condimenti"
Ponti Aceto di Vino 1 l,"0,99 € / L","0,99€",Condimenti e conserve,"Olio, aceto e altri condimenti"
Ponti Aceto di Vino Bianco 1 l,"0,99 € / L","0,99€",Condimenti e conserve,"Olio, aceto e altri condimenti"
Ponti Aceto di Vino da Chianti D.O.C.G. 500 ml,"5,58 € / L","2,79€",Condimenti e conserve,"Olio, aceto e altri condimenti"
Ponti Aceto di Vino da Pinot Grigio dell'Oltrepò Pavese D.O.C. 500 ml,"5,58 € / Kg","2,79€",Condimenti e conserve,"Olio, aceto e altri condimenti"
Ponti Aceto di Vino Rosso 1 l,"0,99 € / L","0,99€",Condimenti e conserve,"Olio, aceto e altri condimenti"
Ponti Aroma Antico Aceto di Vino Bianco 500 ml,"3,10 € / L","1,55€",Condimenti e conserve,"Olio, aceto e altri condimenti"
Ponti Aroma Antico Aceto di Vino Rosso 500 ml,"3,10 € / L","1,55€",Condimenti e conserve,"Olio, aceto e altri condimenti"
Ponti DolceAgro il Delicato 500 ml,"4,58 € / L","2,29€",Condimenti e conserve,"Olio, aceto e altri condimenti"
Sasso Aceto di Vino Riserva Bianco 500 ml,"3,18 € / L","1,59€",Condimenti e conserve,"Olio, aceto e altri condimenti"
Sasso Aceto di Vino Riserva Rosso 500 ml,"3,18 € / L","1,59€",Condimenti e conserve,"Olio, aceto e altri condimenti"
Develey Dressing Erbette 230 ml,"8,65 € / L","1,99€",Condimenti e conserve,"Olio, aceto e altri condimenti"
Develey Dressing Tzatziki 230 ml,"8,65 € / L","1,99€",Condimenti e conserve,"Olio, aceto e altri condimenti"
Develey Dressing Yogurt 230 ml,"8,65 € / L","1,99€",Condimenti e conserve,"Olio, aceto e altri condimenti"
"Crema all' ""Aceto Balsamico di Modena IGP"" 310 g Conad","7,74 € / Kg","2,40€",Condimenti e conserve,"Olio, aceto e altri condimenti"
"Ponti Glassa all'""Aceto Balsamico di Modena IGP"" 250 g","11,96 € / Kg","2,99€",Condimenti e conserve,"Olio, aceto e altri condimenti"
Olio di Oliva Composto di Oli di Oliva Raffinati e Oli di Oliva Vergini 1 litro Conad,"6,49 € / L","6,49€",Condimenti e conserve,"Olio, aceto e altri condimenti"
Monini Anfora Olio di Oliva 1 Litro,7.2 € / L,"5,79€",Condimenti e conserve,"Olio, aceto e altri condimenti"
Carapelli Frantoliva Olio di Oliva Composto di Oli di Oliva Raffinati e Oli di Oliva Vergini 1 L,"6,79 € / L","6,79€",Condimenti e conserve,"Olio, aceto e altri condimenti"
Sasso Olio Sasso 1 L,"7,49 € / L","7,49€",Condimenti e conserve,"Olio, aceto e altri condimenti"
Sasso Olio Sasso Olio di Oliva 500 mL,"9,30 € / L","4,65€",Condimenti e conserve,"Olio, aceto e altri condimenti"
Olio di Semi di Arachide 1 litro Conad,"3,39 € / L","3,39€",Condimenti e conserve,"Olio, aceto e altri condimenti"
Olio di Semi di Arachide 5 litri Conad,"3,20 € / L","15,99€",Condimenti e conserve,"Olio, aceto e altri condimenti"
Olio di Semi di Girasole 1 litro Conad,"2,29 € / L","2,29€",Condimenti e conserve,"Olio, aceto e altri condimenti"
Olio di Semi di Girasole 5 litri Conad,"2,17 € / L","10,85€",Condimenti e conserve,"Olio, aceto e altri condimenti"
Olio di Semi di Mais 1 litro Conad,"2,69 € / L","2,69€",Condimenti e conserve,"Olio, aceto e altri condimenti"
Olio di Semi di Soia 1 litro Conad,"2,69 € / L","2,69€",Condimenti e conserve,"Olio, aceto e altri condimenti"
Tuttifritti 1 litro Conad,"2,79 € / L","2,79€",Condimenti e conserve,"Olio, aceto e altri condimenti"
Tuttifritti 2 litri Conad,"2,64 € / L","5,29€",Condimenti e conserve,"Olio, aceto e altri condimenti"
Tuttifritti 5 litri Conad,"2,50 € / L","12,49€",Condimenti e conserve,"Olio, aceto e altri condimenti"
Maya Olio di Semi di Mais Vitaminizzato 1 l,4.5 € / L,"2,99€",Condimenti e conserve,"Olio, aceto e altri condimenti"
Sagra Fri max 2 L,"3,34 € / L","3,99€",Condimenti e conserve,"Olio, aceto e altri condimenti"
Costa d'Oro Vinacciolo Olio di Semi di Vinacciolo 1 L,"6,99 € / L","6,99€",Condimenti e conserve,"Olio, aceto e altri condimenti"
"Costa d'Oro Vitapiù 5 oli Girasole, Vinacciolo, Mais, Lino, Riso 0,75 L","5,99 € / L","4,49€",Condimenti e conserve,"Olio, aceto e altri condimenti"
Cuore olio di mais 1 Litro,"5,29 € / L","5,29€",Condimenti e conserve,"Olio, aceto e altri condimenti"
Friol 1 l,"3,99 € / L","3,99€",Condimenti e conserve,"Olio, aceto e altri condimenti"
Giglio Oro Olio di Semi di Arachide 1 L,"4,79 € / L","4,79€",Condimenti e conserve,"Olio, aceto e altri condimenti"
Giglio Oro Olio di Semi di Girasole 1 L,"4,29 € / L","4,29€",Condimenti e conserve,"Olio, aceto e altri condimenti"
Giglio Oro Olio di Semi di Mais 1 L,"4,49 € / L","4,49€",Condimenti e conserve,"Olio, aceto e altri condimenti"
Olita Frittura Croccante 1 L,"3,89 € / L","3,89€",Condimenti e conserve,"Olio, aceto e altri condimenti"
Riso Scotti Olio di riso 750 ml,"6,65 € / L","4,99€",Condimenti e conserve,"Olio, aceto e altri condimenti"
Sagra Olio di Semi di Arachide 1 L,"3,89 € / L","3,89€",Condimenti e conserve,"Olio, aceto e altri condimenti"
Sagra Olio di Semi di Girasole 1 L,"3,49 € / L","3,49€",Condimenti e conserve,"Olio, aceto e altri condimenti"
Sagra Olio di Semi di Girasole Alto Oleico 1 L,"3,99 € / L","3,99€",Condimenti e conserve,"Olio, aceto e altri condimenti"
Topazio girasole oro 1 L,"3,90 € / L","3,90€",Condimenti e conserve,"Olio, aceto e altri condimenti"
Valsoia Bontà e Salute Olio di Soia 1000 ml,"4,39 € / L","4,39€",Condimenti e conserve,"Olio, aceto e altri condimenti"
Olio Extra Vergine di Oliva 100% Italiano Non Filtrato 1 l Conad,"8,49 € / L","8,49€",Condimenti e conserve,"Olio, aceto e altri condimenti"
"Olio Extra Vergine di Oliva Aprutino Pescarese DOP 0,75 litri Sapori & Dintorni Conad","14,53 € / L","10,90€",Condimenti e conserve,"Olio, aceto e altri condimenti"
"Olio Extra Vergine di Oliva Biologico 0,75 l Verso Natura Bio Conad","10,53 € / L","7,90€",Condimenti e conserve,"Olio, aceto e altri condimenti"
"Olio Extra Vergine di Oliva Classico 0,5 l Conad","8,38 € / L","4,19€",Condimenti e conserve,"Olio, aceto e altri condimenti"
Olio Extra Vergine di Oliva Classico 1 l Conad,"6,99 € / L","6,99€",Condimenti e conserve,"Olio, aceto e altri condimenti"
Olio Extra Vergine di Oliva Classico 3 litri Conad,"6,70 € / L","20,10€",Condimenti e conserve,"Olio, aceto e altri condimenti"
"Olio Extra Vergine di Oliva DOP Monti Iblei Monte Lauro 0,75 litri Sapori & Dintorni Conad","17,20 € / L","12,90€",Condimenti e conserve,"Olio, aceto e altri condimenti"
Olio Extra Vergine di Oliva Italiano 1 l Conad,"8,29 € / L","8,29€",Condimenti e conserve,"Olio, aceto e altri condimenti"
"Olio Extra Vergine di Oliva Riviera Ligure Riviera dei Fiori DOP 0,75 litri Sapori & Dintorni Conad","18,65 € / L","13,99€",Condimenti e conserve,"Olio, aceto e altri condimenti"
"Olio Extra Vergine di Oliva Sardegna DOP 0,75 litri Sapori & Dintorni Conad","16,33 € / L","12,25€",Condimenti e conserve,"Olio, aceto e altri condimenti"
"Olio Extra Vergine di Oliva Terra di Bari Bitonto DOP 0,75 litri Sapori & Dintorni Conad","11,45 € / L","8,59€",Condimenti e conserve,"Olio, aceto e altri condimenti"
"Olio Extra Vergine di Oliva Toscano IGP 0,75 litri Sapori & Dintorni Conad","15,87 € / L","11,90€",Condimenti e conserve,"Olio, aceto e altri condimenti"
"Olio Extra Vergine di Oliva Umbria Colli Martani DOP 0,75 litri Sapori & Dintorni Conad","19,87 € / L","14,90€",Condimenti e conserve,"Olio, aceto e altri condimenti"
"Carapelli il Nobile Olio Extra Vergine di Oliva 100% Italiano 1,00 L",10.0 € / L,"7,99€",Condimenti e conserve,"Olio, aceto e altri condimenti"
Carapelli Oro Verde Olio Extra Vergine di Oliva 100% Italiano 1 L,10.0 € / L,"7,99€",Condimenti e conserve,"Olio, aceto e altri condimenti"
Carapelli il Frantolio Olio Extra Vergine di Oliva 1 L,"7,89 € / L","7,89€",Condimenti e conserve,"Olio, aceto e altri condimenti"
"Carapelli Rustico Non Filtrato Olio Extra Vergine di Oliva 100% Italiano 1,00 L","10,25 € / L","10,25€",Condimenti e conserve,"Olio, aceto e altri condimenti"
Cirio Olio Extra Vergine di Oliva Classico 1 L,"7,35 € / L","7,35€",Condimenti e conserve,"Olio, aceto e altri condimenti"
Cirio Spray Olio Extra Vergine di Oliva Classico 200 ml,"19,95 € / L","3,99€",Condimenti e conserve,"Olio, aceto e altri condimenti"
Costa d'Oro il Biologico Non Filtrato Olio Extra Vergine di Oliva 1 L,"7,35 € / L","7,35€",Condimenti e conserve,"Olio, aceto e altri condimenti"
"Costa d'Oro il Grezzo 100% Italiano Non Filtrato Olio Extra Vergine di Oliva 0,75 L","10,65 € / L","7,99€",Condimenti e conserve,"Olio, aceto e altri condimenti"
"Costa d'Oro l'Extra Olio Extra Vergine di Oliva 0,25 L","9,00 € / L","2,25€",Condimenti e conserve,"Olio, aceto e altri condimenti"
Costa d'Oro l'Extra Olio Extra Vergine di Oliva 1 L,"6,65 € / L","6,65€",Condimenti e conserve,"Olio, aceto e altri condimenti"
Dante Olio Extravergine di Oliva Terre Antiche 750 ml,"9,32 € / L","6,99€",Condimenti e conserve,"Olio, aceto e altri condimenti"
De Cecco Classico Olio Extra Vergine di Oliva 1 L,"7,49 € / L","7,49€",Condimenti e conserve,"Olio, aceto e altri condimenti"
Farchioni 100% Italiano Olio Extra Vergine di Oliva 1 Litro,"9,99 € / L","9,99€",Condimenti e conserve,"Olio, aceto e altri condimenti"
Farchioni Il Casolare grezzo naturale olio extra vergine 1 L,"9,79 € / L","9,79€",Condimenti e conserve,"Olio, aceto e altri condimenti"
Farchioni Olio Extra Vergine di Oliva 1 Litro,"7,89 € / L","7,89€",Condimenti e conserve,"Olio, aceto e altri condimenti"
Filippo Berio Classico Olio Extra Vergine di Oliva 1 L,"7,99 € / L","7,99€",Condimenti e conserve,"Olio, aceto e altri condimenti"
Monini Classico Olio Extra Vergine di Oliva 1 Litro,"8,49 € / L","8,49€",Condimenti e conserve,"Olio, aceto e altri condimenti"
Monini Classico Premi e Spremi Olio Extra Vergine di Oliva 450 ml,"9,98 € / L","4,49€",Condimenti e conserve,"Olio, aceto e altri condimenti"
Monini il Decantato Gusto Deciso Olio Extra Vergine di Oliva 100% Italiano 750 ml,"10,65 € / L","7,99€",Condimenti e conserve,"Olio, aceto e altri condimenti"
Monini Nettare d'Oliva Olio Extra Vergine di Oliva 750 ml,"9,32 € / L","6,99€",Condimenti e conserve,"Olio, aceto e altri condimenti"
Monini Selezione Italiana GranFruttato Olio Extra Vergine di Oliva 1 L,"8,99 € / L","8,99€",Condimenti e conserve,"Olio, aceto e altri condimenti"
Sagra Classico Olio Extra Vergine di Oliva 1 L,"7,10 € / L","7,10€",Condimenti e conserve,"Olio, aceto e altri condimenti"
Succo di Limone di Sicilia 200 ml Conad,"6,95 € / L","1,39€",Condimenti e conserve,"Olio, aceto e altri condimenti"
SUCCO LIMONE BIO POLEN.SPINAG 250ml,9.9 € / L,"1,49€",Condimenti e conserve,"Olio, aceto e altri condimenti"
ACETO BALS.GIUSTI ORO DENSO 250ml,"46,00 € / L","11,50€",Condimenti e conserve,"Olio, aceto e altri condimenti"
ACETO BALS.ORTALLI SPRAY 250ml,"14,76 € / L","3,69€",Condimenti e conserve,"Olio, aceto e altri condimenti"
ACETO BIO MELOGRANO MENGAZZ.250ml,"15,80 € / L","3,95€",Condimenti e conserve,"Olio, aceto e altri condimenti"
ACETO DI MELE BIO SARCHIO 500g,"7,58 € / L","3,79€",Condimenti e conserve,"Olio, aceto e altri condimenti"
ACETO DI RISO DE NIGRIS 500ml,"4,10 € / L","2,05€",Condimenti e conserve,"Olio, aceto e altri condimenti"
ACETO MELA BALSAMICO MENGAZZ.250ml,"31,40 € / L","7,85€",Condimenti e conserve,"Olio, aceto e altri condimenti"
ACETO MELAMADRE BIO DE NIGRIS 500ml,"6,60 € / L","3,30€",Condimenti e conserve,"Olio, aceto e altri condimenti"
SUCCO DI LIMONE POLENGHI 1l,"3,99 € / L","3,99€",Condimenti e conserve,"Olio, aceto e altri condimenti"
SUCCO LIME LIMMI 200ml,"9,45 € / L","1,89€",Condimenti e conserve,"Olio, aceto e altri condimenti"
SUCCO LIMONE SICILIA LIMMI 125ml,"7,92 € / L","0,99€",Condimenti e conserve,"Olio, aceto e altri condimenti"
SUCCO LIMONE SICILIA LIMMI 500ml,"5,98 € / L","2,99€",Condimenti e conserve,"Olio, aceto e altri condimenti"
OLIO SEMI MAIS ZETA PET 5l,"2,32 € / L","11,59€",Condimenti e conserve,"Olio, aceto e altri condimenti"
"EXTRAV CARTABIANCA OLIVEOLIO 0,75cl","11,87 € / L","8,90€",Condimenti e conserve,"Olio, aceto e altri condimenti"
EXTRAVER.ITALIANO BIO OLIVEOLIO 75c,"14,53 € / L","10,90€",Condimenti e conserve,"Olio, aceto e altri condimenti"
EXTRAVERG. ITALIANO ALBERTI 75cl,"12,65 € / L","9,49€",Condimenti e conserve,"Olio, aceto e altri condimenti"
EXTRAVERGINE CLASSICO COPPINI 1lt,"8,49 € / L","8,49€",Condimenti e conserve,"Olio, aceto e altri condimenti"
EXTRAVERGINE ITALIANO DESANTIS 1l,"9,29 € / L","9,29€",Condimenti e conserve,"Olio, aceto e altri condimenti"
EXV DOP CASTELDELMONTE DESANT.75cl,"9,49 € / L","9,49€",Condimenti e conserve,"Olio, aceto e altri condimenti"
EXV DOP V.TRAPANESI BARBERA 75cl,"12,65 € / L","9,49€",Condimenti e conserve,"Olio, aceto e altri condimenti"
EXV ITAL.SOSTENIBILE ZUCCHI 1lt,"9,25 € / L","9,25€",Condimenti e conserve,"Olio, aceto e altri condimenti"
EXV.N.FILTRATO 100%ITA BARBERA 1l,"7,99 € / L","7,99€",Condimenti e conserve,"Olio, aceto e altri condimenti"
EXVERG.100%ITS.GIULIANO C.OLIVO75cl,"13,93 € / L","10,45€",Condimenti e conserve,"Olio, aceto e altri condimenti"
EXVERGINE 100%IT.P.BRUNE GUASCO75cl,"12,52 € / L","9,39€",Condimenti e conserve,"Olio, aceto e altri condimenti"
EXVERGINE DOP GARDA PRIMOLI 75 cl,"23,00 € / L","17,25€",Condimenti e conserve,"Olio, aceto e altri condimenti"
EXVERGINE DOP TERRA BARIPRIMOLI75cl,"11,99 € / L","8,99€",Condimenti e conserve,"Olio, aceto e altri condimenti"
EXVERGINE DOP UMBRIA BIO BACCI 75cl,"19,87 € / L","14,90€",Condimenti e conserve,"Olio, aceto e altri condimenti"
EXVERGINE IGP TOSCANO PRIMOLI 75cl,"19,27 € / L","14,45€",Condimenti e conserve,"Olio, aceto e altri condimenti"
EXVERGINE ISNARDI ONEGLIA 1l,"8,90 € / L","8,90€",Condimenti e conserve,"Olio, aceto e altri condimenti"
Aglio e Peperoncino 45 g Conad,"34,44 € / Kg","1,55€",Condimenti e conserve,"Sale, aromi e spezie"
Aglio Macinato 37 g Conad,"41,89 € / Kg","1,55€",Condimenti e conserve,"Sale, aromi e spezie"
Alloro Foglie 18 g Conad,"86,11 € / Kg","1,55€",Condimenti e conserve,"Sale, aromi e spezie"
Anice Semi 35 g Conad,"44,29 € / Kg","1,55€",Condimenti e conserve,"Sale, aromi e spezie"
Basilico Foglie 17 g Conad,"91,18 € / Kg","1,55€",Condimenti e conserve,"Sale, aromi e spezie"
Cannella Macinata 100 g Conad,"26,90 € / Kg","2,69€",Condimenti e conserve,"Sale, aromi e spezie"
Cannella Macinata 35 g Conad,"44,29 € / Kg","1,55€",Condimenti e conserve,"Sale, aromi e spezie"
Cannella Stecche 4 pz Conad,"155,00 € / Kg","1,55€",Condimenti e conserve,"Sale, aromi e spezie"
Chiodi di Garofano 28 g Conad,"55,36 € / Kg","1,55€",Condimenti e conserve,"Sale, aromi e spezie"
Cipolla Fiocchi 18 g Conad,"86,11 € / Kg","1,55€",Condimenti e conserve,"Sale, aromi e spezie"
CONAD Percorso Qualità Le erbe aromatiche Mix Carne 40 g,"32,25 € / Kg","1,29€",Condimenti e conserve,"Sale, aromi e spezie"
Coriandolo Semi 25 g Conad,"62,00 € / Kg","1,55€",Condimenti e conserve,"Sale, aromi e spezie"
Cumino Semi 35 g Conad,"44,29 € / Kg","1,55€",Condimenti e conserve,"Sale, aromi e spezie"
Curcuma Macinata 105 g Conad,"27,14 € / Kg","2,85€",Condimenti e conserve,"Sale, aromi e spezie"
Curcuma Macinata 45 g Conad,"34,44 € / Kg","1,55€",Condimenti e conserve,"Sale, aromi e spezie"
Curry 90 g Conad,"32,11 € / Kg","2,89€",Condimenti e conserve,"Sale, aromi e spezie"
Erba cipollina biologica g 5 Verso Natura Bio Conad,"338,00 € / Kg","1,69€",Condimenti e conserve,"Sale, aromi e spezie"
Ginepro Bacche 30 g Conad,"51,67 € / Kg","1,55€",Condimenti e conserve,"Sale, aromi e spezie"
Insaporitore per carne g 80 Conad,"20,62 € / Kg","1,65€",Condimenti e conserve,"Sale, aromi e spezie"
Insaporitore per Patate 80 g Conad,"20,62 € / Kg","1,65€",Condimenti e conserve,"Sale, aromi e spezie"
Insaporitore per Pesce 80 g Conad,"20,62 € / Kg","1,65€",Condimenti e conserve,"Sale, aromi e spezie"
Insaporitore per Verdure 80 g Conad,"20,62 € / Kg","1,65€",Condimenti e conserve,"Sale, aromi e spezie"
Le erbe aromatiche Basilico 30 g Percorso Qualità Conad,"46,33 € / Kg","1,39€",Condimenti e conserve,"Sale, aromi e spezie"
Le erbe aromatiche Erba Cipollina 30 g Percorso Qualità Conad,"46,33 € / Kg","1,39€",Condimenti e conserve,"Sale, aromi e spezie"
Le erbe aromatiche Prezzemolo 50 g Percorso Qualità Conad,"19,80 € / Kg","0,99€",Condimenti e conserve,"Sale, aromi e spezie"
Le erbe aromatiche Salvia 30 g Percorso Qualità Conad,"33,00 € / Kg","0,99€",Condimenti e conserve,"Sale, aromi e spezie"
Maggiorana Foglie 10 g Conad,"155,00 € / Kg","1,55€",Condimenti e conserve,"Sale, aromi e spezie"
Menta Foglie 15 g Conad,"103,33 € / Kg","1,55€",Condimenti e conserve,"Sale, aromi e spezie"
Misto Erbe Aromatiche 28 g Conad,"55,36 € / Kg","1,55€",Condimenti e conserve,"Sale, aromi e spezie"
Misto Pepe con Macinino 40 g Conad,"49,50 € / Kg","1,98€",Condimenti e conserve,"Sale, aromi e spezie"
Misto Pepe Macinato 45 g Conad,"34,44 € / Kg","1,55€",Condimenti e conserve,"Sale, aromi e spezie"
Noce moscata intera 5 pz Conad,"62,00 € / Kg","1,55€",Condimenti e conserve,"Sale, aromi e spezie"
Noce Moscata Macinata 40 g Conad,"38,75 € / Kg","1,55€",Condimenti e conserve,"Sale, aromi e spezie"
Origano Foglie 11 g Conad,"140,91 € / Kg","1,55€",Condimenti e conserve,"Sale, aromi e spezie"
Origano Foglie 35 g Conad,"71,14 € / Kg","2,49€",Condimenti e conserve,"Sale, aromi e spezie"
Origano Foglie Biologico 12 g Verso Natura Bio Conad,"140,83 € / Kg","1,69€",Condimenti e conserve,"Sale, aromi e spezie"
Paprika Dolce 40 g Conad,"38,75 € / Kg","1,55€",Condimenti e conserve,"Sale, aromi e spezie"
Paprika Piccante 40 g Conad,"38,75 € / Kg","1,55€",Condimenti e conserve,"Sale, aromi e spezie"
Pepe Bianco con Macinino 50 g Conad,"39,60 € / Kg","1,98€",Condimenti e conserve,"Sale, aromi e spezie"
Pepe Bianco Macinato 45 g Conad,"34,44 € / Kg","1,55€",Condimenti e conserve,"Sale, aromi e spezie"
Pepe Nero con Macinino 50 g Conad,"39,60 € / Kg","1,98€",Condimenti e conserve,"Sale, aromi e spezie"
Pepe nero con macinino biologico g 45 Verso Natura Bio Conad,"55,33 € / Kg","2,49€",Condimenti e conserve,"Sale, aromi e spezie"
Pepe nero dolce macinato g 40 Conad,"38,75 € / Kg","1,55€",Condimenti e conserve,"Sale, aromi e spezie"
Pepe nero extra forte macinato g 42 Conad,"36,90 € / Kg","1,55€",Condimenti e conserve,"Sale, aromi e spezie"
Pepe Nero Grani 50 g Conad,"31,00 € / Kg","1,55€",Condimenti e conserve,"Sale, aromi e spezie"
Pepe nero macinato g 110 Conad,"28,64 € / Kg","3,15€",Condimenti e conserve,"Sale, aromi e spezie"
Pepe Rosa Grani 20 g Conad,"77,50 € / Kg","1,55€",Condimenti e conserve,"Sale, aromi e spezie"
Pepe Rosa in Salamoia 100 g Conad,"35,50 € / Kg","3,55€",Condimenti e conserve,"Sale, aromi e spezie"
Pepe Verde con Macinino 25 g Conad,"79,20 € / Kg","1,98€",Condimenti e conserve,"Sale, aromi e spezie"
Pepe verde in Salamoia 100 g Conad,"29,90 € / Kg","2,99€",Condimenti e conserve,"Sale, aromi e spezie"
Peperoncino con Macinino 30 g Conad,"66,00 € / Kg","1,98€",Condimenti e conserve,"Sale, aromi e spezie"
Peperoncino Frantumato 70 g Conad,"37,86 € / Kg","2,65€",Condimenti e conserve,"Sale, aromi e spezie"
Peperoncino Intero 18 g Conad,"86,11 € / Kg","1,55€",Condimenti e conserve,"Sale, aromi e spezie"
Peperoncino Macinato 38 g Conad,"40,79 € / Kg","1,55€",Condimenti e conserve,"Sale, aromi e spezie"
Peperoncino macinato biologico g 38 Verso Natura Bio Conad,"44,47 € / Kg","1,69€",Condimenti e conserve,"Sale, aromi e spezie"
Peperoncino macinato extra - piccante g 40 Conad,"38,75 € / Kg","1,55€",Condimenti e conserve,"Sale, aromi e spezie"
Prezzemolo Foglie 8 g Conad,"193,75 € / Kg","1,55€",Condimenti e conserve,"Sale, aromi e spezie"
Rosmarino Foglie Biologico 24 g Verso Natura Bio Conad,"70,42 € / Kg","1,69€",Condimenti e conserve,"Sale, aromi e spezie"
Rosmarino foglie g 22 Conad,"70,45 € / Kg","1,55€",Condimenti e conserve,"Sale, aromi e spezie"
Salvia Foglie 12 g Conad,"129,17 € / Kg","1,55€",Condimenti e conserve,"Sale, aromi e spezie"
Semi di Finocchio 30 g Conad,"51,67 € / Kg","1,55€",Condimenti e conserve,"Sale, aromi e spezie"
Timo Foglie 15 g Conad,"103,33 € / Kg","1,55€",Condimenti e conserve,"Sale, aromi e spezie"
"Zafferano 3 bustine da 0,1 g Conad","8104,58 € / Kg","2,48€",Condimenti e conserve,"Sale, aromi e spezie"
Zenzero Macinato 40 g Conad,"38,75 € / Kg","1,55€",Condimenti e conserve,"Sale, aromi e spezie"
Zenzero Macinato 70 g Conad,"42,71 € / Kg","2,99€",Condimenti e conserve,"Sale, aromi e spezie"
Cannamela Bionatura Curry powder 52 g,"57,50 € / Kg","2,99€",Condimenti e conserve,"Sale, aromi e spezie"
Cannamela Cannella Macinata 4 g,"147,50 € / Kg","0,59€",Condimenti e conserve,"Sale, aromi e spezie"
Cannamela Equo e Solidale Cannella Macinata Bio 21 g,"119,05 € / Kg","2,50€",Condimenti e conserve,"Sale, aromi e spezie"
Cannamela Erbe Aromatiche Ricetta di Provenza 110 g,"35,36 € / Kg","3,89€",Condimenti e conserve,"Sale, aromi e spezie"
Cannamela Erbe Basilico Foglie 15 g,"153,33 € / Kg","2,30€",Condimenti e conserve,"Sale, aromi e spezie"
Cannamela Le Regionali Prezzemolo dell'Emilia Romagna Bio foglie 5 g,"560,00 € / Kg","2,80€",Condimenti e conserve,"Sale, aromi e spezie"
Cannamela Mix Drogapura 20 g,"109,50 € / Kg","2,19€",Condimenti e conserve,"Sale, aromi e spezie"
Cannamela Origano Foglie 10 g,"60,00 € / Kg","0,60€",Condimenti e conserve,"Sale, aromi e spezie"
Cannamela Origano Foglie 2 g,"295,00 € / Kg","0,59€",Condimenti e conserve,"Sale, aromi e spezie"
Cannamela Origano Foglie 25 g,"87,60 € / Kg","2,19€",Condimenti e conserve,"Sale, aromi e spezie"
Cannamela Origano Foglie Essiccate 80 g,"49,75 € / Kg","3,98€",Condimenti e conserve,"Sale, aromi e spezie"
Cannamela Rosmarino Foglie 25 g,"92,00 € / Kg","2,30€",Condimenti e conserve,"Sale, aromi e spezie"
Cannamela Rosmarino liofilizzato 15 g,"126,00 € / Kg","1,89€",Condimenti e conserve,"Sale, aromi e spezie"
Cannamela Spezie Curry Extrapiccante 45 g,"51,11 € / Kg","2,30€",Condimenti e conserve,"Sale, aromi e spezie"
Cannamela Spezie Noci Moscate Intere 6 pz,"85,19 € / Kg","2,30€",Condimenti e conserve,"Sale, aromi e spezie"
Cannamela Spezie Peperoncino Intero 21 g,"109,52 € / Kg","2,30€",Condimenti e conserve,"Sale, aromi e spezie"
Knorr Aromat Insaporitore in Polvere 90 g,"22,11 € / Kg","1,99€",Condimenti e conserve,"Sale, aromi e spezie"
Sale Alimentare Fino 1 kg Conad,"0,39 € / Kg","0,39€",Condimenti e conserve,"Sale, aromi e spezie"
Sale Alimentare Grosso 1000 g Conad,"0,39 € / Kg","0,39€",Condimenti e conserve,"Sale, aromi e spezie"
Sale Alimentare Grosso Iodato 1000 g Conad,"0,58 € / Kg","0,58€",Condimenti e conserve,"Sale, aromi e spezie"
Sale Alimentare Iodato Fino 1000 g Conad,"0,58 € / Kg","0,58€",Condimenti e conserve,"Sale, aromi e spezie"
Sale Fino Rosa dell'Himalaya 500 g Sapori & Idee Conad,"3,50 € / Kg","1,75€",Condimenti e conserve,"Sale, aromi e spezie"
Sale Grigio Bretone 70 g Conad,"32,71 € / Kg","2,29€",Condimenti e conserve,"Sale, aromi e spezie"
Sale Grosso Integrale 500 g Sapori & Idee Conad,"0,78 € / Kg","0,39€",Condimenti e conserve,"Sale, aromi e spezie"
Sale Grosso Rosa dell'Himalaya 500 g Sapori & Idee Conad,"3,50 € / Kg","1,75€",Condimenti e conserve,"Sale, aromi e spezie"
Sale Iposodico 200 g Piacersi Conad,"10,75 € / Kg","2,15€",Condimenti e conserve,"Sale, aromi e spezie"
Sale Rosa Himalaya 90 g Sapori & Idee Conad,"25,56 € / Kg","2,30€",Condimenti e conserve,"Sale, aromi e spezie"
SAPORI & IDEE CONAD Sale di Cipro 50 g,"46,00 € / Kg","2,30€",Condimenti e conserve,"Sale, aromi e spezie"
SAPORI & IDEE CONAD Sale Marino affumicato 45 g,"47,78 € / Kg","2,15€",Condimenti e conserve,"Sale, aromi e spezie"
Céréal Novosal Sale iposodico  - 200 g,"13,45 € / Kg","2,69€",Condimenti e conserve,"Sale, aromi e spezie"
"ZAFFERANO BUSTA LEPROTTO 4x0,16g","8421,88 € / Kg","5,39€",Condimenti e conserve,"Sale, aromi e spezie"
"ZAFFERANO TRE CUOCHI BST 4x0,150g","8650,00 € / Kg","5,19€",Condimenti e conserve,"Sale, aromi e spezie"
INSAP.CARNI ARIOSTO BST 2x10g,"34,00 € / Kg","0,68€",Condimenti e conserve,"Sale, aromi e spezie"
INSAP.CARNI BARAT.ARIOSTO 80g,"28,62 € / Kg","2,29€",Condimenti e conserve,"Sale, aromi e spezie"
INSAP.IODATO CABER CARNI R.125g,"16,72 € / Kg","2,09€",Condimenti e conserve,"Sale, aromi e spezie"
INSAP.IODATO CABER GRIGLIA 200g,"10,45 € / Kg","2,09€",Condimenti e conserve,"Sale, aromi e spezie"
INSAPOR.NOSALE ORIS BARAT.CABER 60G,"44,17 € / Kg","2,65€",Condimenti e conserve,"Sale, aromi e spezie"
SALAMOIA BOLOGNESE CABER 300g,"5,30 € / Kg","1,59€",Condimenti e conserve,"Sale, aromi e spezie"
SALE FINO DI VOLTERRA 1Kg,"0,59 € / L","0,59€",Condimenti e conserve,"Sale, aromi e spezie"
SALE MARINO INTEG.SARCHIO 1kg,"2,50 € / Kg","2,50€",Condimenti e conserve,"Sale, aromi e spezie"
SALE MARINO IODATO SPARG.CABER 220g,"6,32 € / Kg","1,39€",Condimenti e conserve,"Sale, aromi e spezie"
Classico 20 dadi 220 g Conad,"6,59 € / Kg","1,45€",Condimenti e conserve,Dadi e brodo
Dadi per Brodo Vegetale Biologici 10 Dadi 100 g Verso Natura Bio Conad,"11,00 € / Kg","1,10€",Condimenti e conserve,Dadi e brodo
Vegetale 20 dadi 220 g Conad,"6,59 € / Kg","1,45€",Condimenti e conserve,Dadi e brodo
Knorr Dado Classico 10 Dadi 100 g,"11,90 € / Kg","1,19€",Condimenti e conserve,Dadi e brodo
Knorr Dado Classico 20 Dadi 200 g,"9,95 € / Kg","1,99€",Condimenti e conserve,Dadi e brodo
Knorr Dado Delicato 20 Dadi 200 g,"9,95 € / Kg","1,99€",Condimenti e conserve,Dadi e brodo
Knorr Dado Vegetale 10 Dadi 100 g,"11,90 € / Kg","1,19€",Condimenti e conserve,Dadi e brodo
Knorr Dado Vegetale 20 Dadi 200 g,"9,95 € / Kg","1,99€",Condimenti e conserve,Dadi e brodo
Knorr Funghi Porcini 10 Dadi 100 g,"11,90 € / Kg","1,19€",Condimenti e conserve,Dadi e brodo
Knorr il Saporito Manzo 10 dadi 100 g,"11,90 € / Kg","1,19€",Condimenti e conserve,Dadi e brodo
Knorr Naturalmente! Brodo Classico 12 dadi 109 g,"13,67 € / Kg","1,49€",Condimenti e conserve,Dadi e brodo
Knorr Naturalmente! Brodo Vegetale 12 dadi 109 g,"13,67 € / Kg","1,49€",Condimenti e conserve,Dadi e brodo
MAGGI Dado Classico preparato per brodo (20 dadi) 200 g,"9,00 € / Kg","1,80€",Condimenti e conserve,Dadi e brodo
MAGGI Dado Vegetale preparato per brodo vegetale (20 dadi) 200 g,"9,00 € / Kg","1,80€",Condimenti e conserve,Dadi e brodo
Star il mio Dado Classico -30% di Sale# 10 Dadi 100 g,"12,90 € / Kg","1,29€",Condimenti e conserve,Dadi e brodo
Star il mio Dado Classico 10 Dadi 100 g,"14,50 € / Kg","1,45€",Condimenti e conserve,Dadi e brodo
Star il Mio Dado Classico 20 Dadi 200 g,"11,25 € / Kg","2,25€",Condimenti e conserve,Dadi e brodo
Star il mio Dado Classico 30 Dadi 300 g,"9,97 € / Kg","2,99€",Condimenti e conserve,Dadi e brodo
Star il mio Dado Delicato 10 Dadi 100 g,"14,50 € / Kg","1,45€",Condimenti e conserve,Dadi e brodo
Star il mio Dado Funghi Porcini 10 Dadi 100 g,"14,50 € / Kg","1,45€",Condimenti e conserve,Dadi e brodo
Star il mio Dado Vegetale -30% Sale# 10 Dadi 100 g,"12,90 € / Kg","1,29€",Condimenti e conserve,Dadi e brodo
Star il mio Dado Vegetale 10 Dadi 100 g,"13,90 € / Kg","1,39€",Condimenti e conserve,Dadi e brodo
Star il mio Dado Vegetale 20 Dadi 200 g,"11,25 € / Kg","2,25€",Condimenti e conserve,Dadi e brodo
Knorr Brodo Vegetale 750 ml,"3,05 € / L","2,29€",Condimenti e conserve,Dadi e brodo
Knorr Cuore di Brodo Delicato 4 x 28 g,"12,41 € / Kg","1,39€",Condimenti e conserve,Dadi e brodo
Knorr Cuore di Brodo Manzo -25% di Sale ** 4 x 28 g,"12,41 € / Kg","1,39€",Condimenti e conserve,Dadi e brodo
Knorr Cuore di Brodo Manzo 4 x 28 g,"12,41 € / Kg","1,39€",Condimenti e conserve,Dadi e brodo
Knorr Cuore di Brodo Vegetale -25% di Sale ** 4 x 28 g,"12,41 € / Kg","1,39€",Condimenti e conserve,Dadi e brodo
Knorr Cuore di Brodo Vegetale 4 x 28 g,"12,41 € / Kg","1,39€",Condimenti e conserve,Dadi e brodo
CONAD Brodo di Carne Mista 1 l,"1,49 € / L","1,49€",Condimenti e conserve,Dadi e brodo
CONAD Brodo di Manzo 1 l,"1,49 € / L","1,49€",Condimenti e conserve,Dadi e brodo
CONAD Brodo di Verdure 1 l,"1,49 € / L","1,49€",Condimenti e conserve,Dadi e brodo
Knorr Brodo Carne Mista 750 ml,"3,05 € / L","2,29€",Condimenti e conserve,Dadi e brodo
Knorr Brodo Manzo 750 ml,"3,05 € / L","2,29€",Condimenti e conserve,Dadi e brodo
Knorr Brodo Vegetale 750 ml,"3,05 € / L","2,29€",Condimenti e conserve,Dadi e brodo
Star il mio Brodo di Carne Mista 1000 ml,"2,19 € / L","2,19€",Condimenti e conserve,Dadi e brodo
Star il mio Brodo di Carne Mista 500 ml,"2,90 € / L","1,45€",Condimenti e conserve,Dadi e brodo
Star il mio Brodo di Manzo 1000 ml,"2,19 € / L","2,19€",Condimenti e conserve,Dadi e brodo
Star il mio Brodo di Manzo 1000 ml,"2,19 € / L","2,19€",Condimenti e conserve,Dadi e brodo
Star il mio Brodo di Manzo 500 ml,"2,90 € / L","1,45€",Condimenti e conserve,Dadi e brodo
Star il mio Brodo di Pollo 1000 ml,"2,19 € / L","2,19€",Condimenti e conserve,Dadi e brodo
Star il mio Brodo di Verdure 1000 ml,"2,19 € / L","2,19€",Condimenti e conserve,Dadi e brodo
Ideal Gelatina in Dadi 2 x 25 g,"25,80 € / Kg","1,29€",Condimenti e conserve,Dadi e brodo
Brodo granulare di Carne 150 g Conad,"11,00 € / Kg","1,65€",Condimenti e conserve,Dadi e brodo
Brodo granulare Vegetale 150 g Conad,"11,00 € / Kg","1,65€",Condimenti e conserve,Dadi e brodo
Brodo Granulare Vegetale Biologico 120 g Verso Natura Bio Conad,"15,42 € / Kg","1,85€",Condimenti e conserve,Dadi e brodo
Knorr Brodo Granulare Classico 150 g,13.2 € / Kg,"1,65€",Condimenti e conserve,Dadi e brodo
Knorr Brodo Granulare Pesce 150 g,13.2 € / Kg,"1,65€",Condimenti e conserve,Dadi e brodo
Knorr Brodo Granulare Pollo 150 g,13.2 € / Kg,"1,65€",Condimenti e conserve,Dadi e brodo
Knorr Brodo Granulare Ricco 150 g,13.2 € / Kg,"1,65€",Condimenti e conserve,Dadi e brodo
Knorr Brodo Granulare Vegetale 150 g,13.2 € / Kg,"1,65€",Condimenti e conserve,Dadi e brodo
Knorr Brodo Granulare Classico 250 g,"13,00 € / Kg","3,25€",Condimenti e conserve,Dadi e brodo
Knorr Brodo Granulare Manzo 135 g,"18,89 € / Kg","2,55€",Condimenti e conserve,Dadi e brodo
Knorr Brodo Granulare Vegetale 135 g,"18,89 € / Kg","2,55€",Condimenti e conserve,Dadi e brodo
Knorr Brodo Granulare Vegetale 250 g,"13,00 € / Kg","3,25€",Condimenti e conserve,Dadi e brodo
DADI BAUER DI CARNE 8 CUBI 80g,"24,88 € / Kg","1,99€",Condimenti e conserve,Dadi e brodo
DADI BAUER VEGETALI 8 CUBI 80g,"24,88 € / Kg","1,99€",Condimenti e conserve,Dadi e brodo
ESTRATTO CARNE IT. FERIOLI 40g,"136,25 € / Kg","5,45€",Condimenti e conserve,Dadi e brodo
Doppio Concentrato di Pomodoro 130 g Conad,"6,85 € / Kg","0,89€",Condimenti e conserve,Sughi pronti e derivati del pomodoro
Mutti Doppio Concentrato di Pomodoro 130 g,"9,15 € / Kg","1,19€",Condimenti e conserve,Sughi pronti e derivati del pomodoro
Mutti le Verdurine Salsina di Pomodoro e Verdurine 130 g,"9,92 € / Kg","1,29€",Condimenti e conserve,Sughi pronti e derivati del pomodoro
Mutti Triplo Concentrato di Pomodoro 185 g,"8,38 € / Kg","1,55€",Condimenti e conserve,Sughi pronti e derivati del pomodoro
Risoinsieme Senza Olio Condimento per Insalata di Riso 2 x 300 g Conad,5.7 € / Kg,"2,69€",Condimenti e conserve,Sughi pronti e derivati del pomodoro
Risoinsieme Sottolio Condimento per Insalata di Riso 2 x 285 g Conad,6.0 € / Kg,"2,69€",Condimenti e conserve,Sughi pronti e derivati del pomodoro
Berni Condiriso l'Originale 2 x 300 g,9.9 € / Kg,"2,49€",Condimenti e conserve,Sughi pronti e derivati del pomodoro
Ponti Peperlizia Insalata per Pasta 340 g,"9,09 € / Kg","3,09€",Condimenti e conserve,Sughi pronti e derivati del pomodoro
Ponti Peperlizia Insalata per Riso il Gusto dell'Estate 350 g,"8,83 € / Kg","3,09€",Condimenti e conserve,Sughi pronti e derivati del pomodoro
Ponti Peperlizia Insalata per Riso Light Senza Olio 350 g,"8,83 € / Kg","3,09€",Condimenti e conserve,Sughi pronti e derivati del pomodoro
Saclà Condiverde Riso Classico 290 g,"9,83 € / Kg","2,85€",Condimenti e conserve,Sughi pronti e derivati del pomodoro
Saclà Condiverde Riso Classico Bio 290 g,"9,83 € / Kg","2,85€",Condimenti e conserve,Sughi pronti e derivati del pomodoro
Saclà Condiverde Riso Leggero* 290 g,"16,29 € / Kg","2,85€",Condimenti e conserve,Sughi pronti e derivati del pomodoro
Passata di Pomodoro Classica 3 x 350 g Conad,2.5 € / Kg,"1,99€",Condimenti e conserve,Sughi pronti e derivati del pomodoro
Passata Classica Biologica 700 g Verso Natura Bio Conad,"2,07 € / Kg","1,45€",Condimenti e conserve,Sughi pronti e derivati del pomodoro
Passata di Datterino Rosso della Piana del Sele 350 g Sapori & Dintorni Conad,"5,97 € / Kg","2,09€",Condimenti e conserve,Sughi pronti e derivati del pomodoro
Passata di Pomodoro Classica 3 x 200 g Conad,"2,00 € / Kg","1,20€",Condimenti e conserve,Sughi pronti e derivati del pomodoro
Passata di Pomodoro Classica 500 g Conad,"1,50 € / Kg","0,75€",Condimenti e conserve,Sughi pronti e derivati del pomodoro
Passata di Pomodoro Classica 700 g Conad,"1,27 € / Kg","0,89€",Condimenti e conserve,Sughi pronti e derivati del pomodoro
Passata di Pomodoro Rustica 690 g Conad,"1,58 € / Kg","1,09€",Condimenti e conserve,Sughi pronti e derivati del pomodoro
Cirio Passata Verace 700 g,2.7 € / Kg,"1,09€",Condimenti e conserve,Sughi pronti e derivati del pomodoro
Agromonte Passata Siciliana con Datterino 520 g,"3,17 € / Kg","1,65€",Condimenti e conserve,Sughi pronti e derivati del pomodoro
Cirio i Classici dal 1856 Passata Verace 540 g,"2,31 € / Kg","1,25€",Condimenti e conserve,Sughi pronti e derivati del pomodoro
Cirio la Rustica Passata 680 g,"3,07 € / Kg","2,09€",Condimenti e conserve,Sughi pronti e derivati del pomodoro
Le Conserve della Nonna Lampomodoro dell'Emilia Romagna 700 g,"2,84 € / Kg","1,99€",Condimenti e conserve,Sughi pronti e derivati del pomodoro
Mutti Passata di Pomodoro 4 x 400 g,"3,12 € / Kg","4,99€",Condimenti e conserve,Sughi pronti e derivati del pomodoro
Mutti Passata di Pomodoro 700 g,"2,79 € / Kg","1,95€",Condimenti e conserve,Sughi pronti e derivati del pomodoro
Petti Il delicato Passata di pomodoro extrafine 700 g,"2,56 € / Kg","1,79€",Condimenti e conserve,Sughi pronti e derivati del pomodoro
Pomì Passata di Pomodoro 700 g,"2,13 € / Kg","1,49€",Condimenti e conserve,Sughi pronti e derivati del pomodoro
Santa Rosa Pomodorissimo la Passata 700 g,"1,99 € / Kg","1,39€",Condimenti e conserve,Sughi pronti e derivati del pomodoro
Valfrutta al Vapore Passata Vellutata 700 g,"2,41 € / Kg","1,69€",Condimenti e conserve,Sughi pronti e derivati del pomodoro
Valfrutta Green Passata Biologica 700 g,"2,56 € / Kg","1,79€",Condimenti e conserve,Sughi pronti e derivati del pomodoro
Datterino Giallo della Piana del Sele 350 g Sapori & Dintorni Conad,"7,00 € / Kg","2,45€",Condimenti e conserve,Sughi pronti e derivati del pomodoro
Datterino Rosso della Piana del Sele 350 g Sapori & Dintorni Conad,"5,97 € / Kg","2,09€",Condimenti e conserve,Sughi pronti e derivati del pomodoro
Pomodori Pelati 3 x 400 g Conad,"1,66 € / Kg","1,99€",Condimenti e conserve,Sughi pronti e derivati del pomodoro
Pomodori Pelati 800 g Conad,"1,61 € / Kg","1,29€",Condimenti e conserve,Sughi pronti e derivati del pomodoro
Pomodorini 400 g Conad,"2,47 € / Kg","0,99€",Condimenti e conserve,Sughi pronti e derivati del pomodoro
Pomodoro S. Marzano dell'Agro Sarnese - Nocerino DOP 400 g Conad,"4,62 € / Kg","1,85€",Condimenti e conserve,Sughi pronti e derivati del pomodoro
Cirio i Classici dal 1856 Pelati 400 g,"5,40 € / Kg","1,35€",Condimenti e conserve,Sughi pronti e derivati del pomodoro
Cirio i Classici dal 1856 Pelati 800 g,"5,38 € / Kg","2,69€",Condimenti e conserve,Sughi pronti e derivati del pomodoro
Cirio Le Selezioni Fior di Filetti di Puglia 400 g,"4,88 € / Kg","1,95€",Condimenti e conserve,Sughi pronti e derivati del pomodoro
Mutti Pelati 2 x 400 g,"2,88 € / Kg","2,30€",Condimenti e conserve,Sughi pronti e derivati del pomodoro
Polpa di Pomodoro Biologica 690 g Verso Natura Bio Conad,"2,54 € / Kg","1,75€",Condimenti e conserve,Sughi pronti e derivati del pomodoro
Polpa di pomodoro Biologica g 400 Verso Natura Bio Conad,"2,75 € / Kg","1,10€",Condimenti e conserve,Sughi pronti e derivati del pomodoro
Polpa di Pomodoro Finissima 3 x 230 g Conad,"2,88 € / Kg","1,99€",Condimenti e conserve,Sughi pronti e derivati del pomodoro
Polpa di pomodoro finissima g 400 x 3 Conad,"1,71 € / Kg","2,05€",Condimenti e conserve,Sughi pronti e derivati del pomodoro
Polpa di Pomodoro in Pezzi 2 x 340 g Conad,"2,72 € / Kg","1,85€",Condimenti e conserve,Sughi pronti e derivati del pomodoro
Polpa di Pomodoro in Pezzi 3 x 400 g Conad,"1,50 € / Kg","1,80€",Condimenti e conserve,Sughi pronti e derivati del pomodoro
Mutti Polpa Datterini in Pezzi 3 x 300 g,3.9 € / Kg,"2,99€",Condimenti e conserve,Sughi pronti e derivati del pomodoro
Valfrutta al Vapore Polpa Gran Cubetti 3 x 400 g,2.4 € / Kg,"1,69€",Condimenti e conserve,Sughi pronti e derivati del pomodoro
Cirio i Classici dal 1856 Polpa Finissima 2 x 400 g,"3,11 € / Kg","2,49€",Condimenti e conserve,Sughi pronti e derivati del pomodoro
De Rica Polpa Pronta 3 x 400 g,"2,49 € / Kg","2,99€",Condimenti e conserve,Sughi pronti e derivati del pomodoro
Mutti Polpa di Pomodoro 2 x 210 g,"4,40 € / Kg","1,85€",Condimenti e conserve,Sughi pronti e derivati del pomodoro
Mutti Polpa di Pomodoro 3 x 400 g,"2,91 € / Kg","3,49€",Condimenti e conserve,Sughi pronti e derivati del pomodoro
"Petti ""Il polposissimo"" - polpa di pomodoro finissima - 3x400g","2,83 € / Kg","3,40€",Condimenti e conserve,Sughi pronti e derivati del pomodoro
Santa Rosa Pomodorissimo i Pezzettoni 3 x 400 g,"2,49 € / Kg","2,99€",Condimenti e conserve,Sughi pronti e derivati del pomodoro
Valfrutta Bio Polpa di Pomodoro 100% Italiano 340 g,"4,85 € / Kg","1,65€",Condimenti e conserve,Sughi pronti e derivati del pomodoro
Amatriciana 400 g Conad,"3,98 € / Kg","1,59€",Condimenti e conserve,Sughi pronti e derivati del pomodoro
Arrabbiata 400 g Conad,"3,38 € / Kg","1,35€",Condimenti e conserve,Sughi pronti e derivati del pomodoro
Basilico 400 g Conad,"3,38 € / Kg","1,35€",Condimenti e conserve,Sughi pronti e derivati del pomodoro
CONAD Hummus Salsa a Base di Ceci 200 g,"10,45 € / Kg","2,09€",Condimenti e conserve,Sughi pronti e derivati del pomodoro
CONAD Sugo Fresco Cacio e Pepe con Pecorino Romano DOP 150 g,"19,27 € / Kg","2,89€",Condimenti e conserve,Sughi pronti e derivati del pomodoro
Olive 400 g Conad,"3,38 € / Kg","1,35€",Condimenti e conserve,Sughi pronti e derivati del pomodoro
Pesto alla Genovese 180 g Sapori e Dintorni Conad,"14,33 € / Kg","2,58€",Condimenti e conserve,Sughi pronti e derivati del pomodoro
Pesto alla Genovese 190 g Conad,"7,32 € / Kg","1,39€",Condimenti e conserve,Sughi pronti e derivati del pomodoro
Pesto alla Genovese Biologico 130 g Verso Natura Bio Conad,"22,23 € / Kg","2,89€",Condimenti e conserve,Sughi pronti e derivati del pomodoro
Pesto alla Genovese Senza Aglio 190 g Conad,"7,32 € / Kg","1,39€",Condimenti e conserve,Sughi pronti e derivati del pomodoro
Pesto alla Genovese Senza Aglio Biologico 130 g Verso Natura Bio Conad,"22,23 € / Kg","2,89€",Condimenti e conserve,Sughi pronti e derivati del pomodoro
"Pesto con ""Pistacchio verde di Bronte DOP"" 190 g Sapori & Dintorni Conad","34,47 € / Kg","6,55€",Condimenti e conserve,Sughi pronti e derivati del pomodoro
Pesto Fresco alla Genovese 150 g Conad,"13,27 € / Kg","1,99€",Condimenti e conserve,Sughi pronti e derivati del pomodoro
Pesto Fresco alla Genovese Senz'Aglio 150 g Conad,"13,27 € / Kg","1,99€",Condimenti e conserve,Sughi pronti e derivati del pomodoro
Pesto Genovese con basilico genovese DOP 90 g Sapori & Dintorni Conad,"32,78 € / Kg","2,95€",Condimenti e conserve,Sughi pronti e derivati del pomodoro
Pesto Rosso 190 g Conad,"7,32 € / Kg","1,39€",Condimenti e conserve,Sughi pronti e derivati del pomodoro
Ragù alla Bolognese 2 x 180 g Conad,"5,83 € / Kg","2,10€",Condimenti e conserve,Sughi pronti e derivati del pomodoro
Ragù alla Bolognese 400 g Conad,"3,98 € / Kg","1,59€",Condimenti e conserve,Sughi pronti e derivati del pomodoro
Ragù con Salsiccia 2 x 180 g Conad,"5,83 € / Kg","2,10€",Condimenti e conserve,Sughi pronti e derivati del pomodoro
Ragù di Carne di Capriolo 180 g Sapori & Idee Conad,"19,39 € / Kg","3,49€",Condimenti e conserve,Sughi pronti e derivati del pomodoro
Ragù di Carne di Chianina 180 g Sapori & Idee Conad,"19,39 € / Kg","3,49€",Condimenti e conserve,Sughi pronti e derivati del pomodoro
Ragù di Carne di Cinghiale 180 g Sapori & Idee Conad,"19,39 € / Kg","3,49€",Condimenti e conserve,Sughi pronti e derivati del pomodoro
Ragù di Carne di Lepre 180 g Sapori & Idee Conad,"19,39 € / Kg","3,49€",Condimenti e conserve,Sughi pronti e derivati del pomodoro
Ragù Fresco alla Bolognese 200 g Conad,"10,95 € / Kg","2,19€",Condimenti e conserve,Sughi pronti e derivati del pomodoro
Salsa pronta di Ciliegino di Sicilia 330 g Sapori & Dintorni Conad,"5,12 € / Kg","1,69€",Condimenti e conserve,Sughi pronti e derivati del pomodoro
Salsa pronta di Datterino di Sicilia 330 g Sapori & Dintorni Conad,"5,12 € / Kg","1,69€",Condimenti e conserve,Sughi pronti e derivati del pomodoro
Sugo al Basilico Biologico 190 g Verso Natura Conad,"8,37 € / Kg","1,59€",Condimenti e conserve,Sughi pronti e derivati del pomodoro
Sugo Fresco ai 4 Formaggi 200 g Conad,"11,00 € / Kg","2,20€",Condimenti e conserve,Sughi pronti e derivati del pomodoro
Sugo Fresco ai Funghi Porcini 200 g Conad,"10,95 € / Kg","2,19€",Condimenti e conserve,Sughi pronti e derivati del pomodoro
Sugo Fresco Cuori di Carciofo 200 g Conad,"10,45 € / Kg","2,09€",Condimenti e conserve,Sughi pronti e derivati del pomodoro
Sugo fresco misto scoglio g 150 Conad,"21,00 € / Kg","3,15€",Condimenti e conserve,Sughi pronti e derivati del pomodoro
Tonno 400 g Conad,"3,98 € / Kg","1,59€",Condimenti e conserve,Sughi pronti e derivati del pomodoro
Vongole 200 g Conad,"8,45 € / Kg","1,69€",Condimenti e conserve,Sughi pronti e derivati del pomodoro
Barilla Salsa Pronta Ciliegini 100% ingredienti italiani 300g,"6,30 € / Kg","1,89€",Condimenti e conserve,Sughi pronti e derivati del pomodoro
Barilla Salsa Pronta Classica 100% ingredienti italiani 300g,"6,30 € / Kg","1,89€",Condimenti e conserve,Sughi pronti e derivati del pomodoro
Barilla Salsa Pronta Datterini 100% ingredienti italiani 300g,"6,30 € / Kg","1,89€",Condimenti e conserve,Sughi pronti e derivati del pomodoro
Giovanni Rana il Pesto Fresco Noci 140 g,19.2 € / Kg,"1,88€",Condimenti e conserve,Sughi pronti e derivati del pomodoro
Giovanni Rana il Pesto Fresco Senz'Aglio 140 g,19.2 € / Kg,"1,88€",Condimenti e conserve,Sughi pronti e derivati del pomodoro
Giovanni Rana il Sugo Fresco alla Norma 225 g,14.1 € / Kg,"2,19€",Condimenti e conserve,Sughi pronti e derivati del pomodoro
Giovanni Rana il Sugo Fresco Funghi 180 g,17.6 € / Kg,"2,19€",Condimenti e conserve,Sughi pronti e derivati del pomodoro
Mutti Sugo Semplice con Verdure Grigliate 280 g,"7,11 € / Kg","1,99€",Condimenti e conserve,Sughi pronti e derivati del pomodoro
Agromonte Salsa Pronta di Ciliegino 330 g,"6,03 € / Kg","1,99€",Condimenti e conserve,Sughi pronti e derivati del pomodoro
Agromonte Salsa Pronta di Datterino 330 g,"6,03 € / Kg","1,99€",Condimenti e conserve,Sughi pronti e derivati del pomodoro
Agromonte Salsa Pronta di Piccadilly 330 g,"6,03 € / Kg","1,99€",Condimenti e conserve,Sughi pronti e derivati del pomodoro
Barilla Basilico 400g,"5,48 € / Kg","2,19€",Condimenti e conserve,Sughi pronti e derivati del pomodoro
Barilla Pesto alla Genovese con Basilico Fresco 190g,"13,63 € / Kg","2,59€",Condimenti e conserve,Sughi pronti e derivati del pomodoro
Barilla Pesto alla Genovese senza Aglio 190g,"13,63 € / Kg","2,59€",Condimenti e conserve,Sughi pronti e derivati del pomodoro
Barilla Pesto Basilico e Limone Condimento e Sugo per Pasta 190g,"15,74 € / Kg","2,99€",Condimenti e conserve,Sughi pronti e derivati del pomodoro
Barilla Pesto Calabrese Peperoni e Peperoncini 190g,"13,63 € / Kg","2,59€",Condimenti e conserve,Sughi pronti e derivati del pomodoro
Barilla Pesto Ricotta e Noci 190g,"13,63 € / Kg","2,59€",Condimenti e conserve,Sughi pronti e derivati del pomodoro
Barilla Ragù alla Bolognese 400g,"7,22 € / Kg","2,89€",Condimenti e conserve,Sughi pronti e derivati del pomodoro
Barilla Ragù Classico 2 x 180g,"9,03 € / Kg","3,25€",Condimenti e conserve,Sughi pronti e derivati del pomodoro
Barilla Sugo all'Arrabbiata 400g,"5,48 € / Kg","2,19€",Condimenti e conserve,Sughi pronti e derivati del pomodoro
Barilla Sugo Amatriciana 400g,"7,22 € / Kg","2,89€",Condimenti e conserve,Sughi pronti e derivati del pomodoro
Barilla Sugo Olive 100% Pomodoro Italiano 400g,"6,12 € / Kg","2,45€",Condimenti e conserve,Sughi pronti e derivati del pomodoro
Barilla Sugo Pesto Basilico e Rucola 190g,"12,58 € / Kg","2,39€",Condimenti e conserve,Sughi pronti e derivati del pomodoro
Barilla Sugo Pomodoro e Datterini 100% Pomodori italiani 400g,"5,48 € / Kg","2,19€",Condimenti e conserve,Sughi pronti e derivati del pomodoro
Barilla Sugo Ragù Contadino con vino rosso 400g,"7,22 € / Kg","2,89€",Condimenti e conserve,Sughi pronti e derivati del pomodoro
Barilla Sugo Ragù Montanaro con Funghi 400g,"7,22 € / Kg","2,89€",Condimenti e conserve,Sughi pronti e derivati del pomodoro
Biffi Che Sugo! Pesto Senza Aglio 190 g,"14,16 € / Kg","2,69€",Condimenti e conserve,Sughi pronti e derivati del pomodoro
Biffi Che Sugo! Sugo al Radicchio e Speck 150 g,"15,00 € / Kg","2,25€",Condimenti e conserve,Sughi pronti e derivati del pomodoro
Biffi Pesto Senza Aglio con Basilico Genovese DOP 90 g,"18,33 € / Kg","1,65€",Condimenti e conserve,Sughi pronti e derivati del pomodoro
Buitoni Pesto Fresco Delicato Senz'Aglio 130 g,"19,92 € / Kg","2,59€",Condimenti e conserve,Sughi pronti e derivati del pomodoro
"Le Conserve della Nonna Aglio, olio e peperoncino 95 g","2305,26 € / Kg","2,19€",Condimenti e conserve,Sughi pronti e derivati del pomodoro
Le Conserve della Nonna Sugo alla Puttanesca 190 g,"10,00 € / Kg","1,90€",Condimenti e conserve,Sughi pronti e derivati del pomodoro
Mutti Pesto Rosso di Pomodoro 180 g,"12,17 € / Kg","2,19€",Condimenti e conserve,Sughi pronti e derivati del pomodoro
Mutti Salsa Pronta Datterini 300 g,"6,30 € / Kg","1,89€",Condimenti e conserve,Sughi pronti e derivati del pomodoro
Mutti Salsa Pronta Pizzutello 300 g,"6,30 € / Kg","1,89€",Condimenti e conserve,Sughi pronti e derivati del pomodoro
Rio mare Pesto al Tonno con Olive Nere e Peperoncino 130 g,"23,00 € / Kg","2,99€",Condimenti e conserve,Sughi pronti e derivati del pomodoro
Saclà Pesto alla Genovese 90 g,"20,56 € / Kg","1,85€",Condimenti e conserve,Sughi pronti e derivati del pomodoro
Saclà Pesto Senza Aglio 90 g,"20,56 € / Kg","1,85€",Condimenti e conserve,Sughi pronti e derivati del pomodoro
Star Il Mio Gran Ragù Classico 2 x 180 g,"7,64 € / Kg","2,75€",Condimenti e conserve,Sughi pronti e derivati del pomodoro
Star il mio Gran Ragù Classico 3 x 100 g,"9,50 € / Kg","2,85€",Condimenti e conserve,Sughi pronti e derivati del pomodoro
Star il mio Gran Ragù con Funghi Porcini 2 x 180 g,"7,64 € / Kg","2,75€",Condimenti e conserve,Sughi pronti e derivati del pomodoro
Star Il Mio Gran Ragù con Salsiccia 2 x 180 g,"7,64 € / Kg","2,75€",Condimenti e conserve,Sughi pronti e derivati del pomodoro
Star il mio Gran Ragù con Speck 2 x 180 g,"7,64 € / Kg","2,75€",Condimenti e conserve,Sughi pronti e derivati del pomodoro
Star il mio Gran Ragù Extra Gusto 2 x 100 g,"7,64 € / Kg","2,75€",Condimenti e conserve,Sughi pronti e derivati del pomodoro
Tigullio Gran Pesto alla Genovese 190 g,"13,16 € / Kg","2,50€",Condimenti e conserve,Sughi pronti e derivati del pomodoro
Tigullio Gran Pesto alla Genovese Senz'Aglio 190 g,"13,16 € / Kg","2,50€",Condimenti e conserve,Sughi pronti e derivati del pomodoro
Tigullio Peperoni e Noci 185 g,"13,16 € / Kg","2,50€",Condimenti e conserve,Sughi pronti e derivati del pomodoro
Tigullio Pomodori Secchi e Pistacchi 185 g,"13,16 € / Kg","2,50€",Condimenti e conserve,Sughi pronti e derivati del pomodoro
Tigullio Radicchio e Speck 185 g,"13,16 € / Kg","2,50€",Condimenti e conserve,Sughi pronti e derivati del pomodoro
SUGO ORTOLINA TUBO 130g,"8,38 € / Kg","1,09€",Condimenti e conserve,Sughi pronti e derivati del pomodoro
SUGO ORTOLINA TUBO PICCANTE 130g,"8,38 € / Kg","1,09€",Condimenti e conserve,Sughi pronti e derivati del pomodoro
PASSATA CLASSICA ORTOLINA 690g,"2,03 € / Kg","1,40€",Condimenti e conserve,Sughi pronti e derivati del pomodoro
BUONO GW PASSATA PETTI 22-28/5,"1,45 € / Kg","3,49€",Condimenti e conserve,Sughi pronti e derivati del pomodoro
POLPA PER PIZZA ORTOLINA 2x400g,"2,86 € / Kg","2,29€",Condimenti e conserve,Sughi pronti e derivati del pomodoro
POLPA POMODORO FINE ORTOLINA 3x400g,"2,71 € / Kg","3,25€",Condimenti e conserve,Sughi pronti e derivati del pomodoro
PESTO GENOVESE BIO S.GL.SARCHIO130g,"29,62 € / Kg","3,85€",Condimenti e conserve,Sughi pronti e derivati del pomodoro
PESTO GENOVESE DOP ALBERTI 170g,"21,71 € / Kg","3,69€",Condimenti e conserve,Sughi pronti e derivati del pomodoro
SALSA PRON.VERD BIO S/GL.SARCH.340g,"6,74 € / Kg","2,29€",Condimenti e conserve,Sughi pronti e derivati del pomodoro
SUGO POM/RICOT.ORTOL.KIDS BIO2X100g,"13,25 € / Kg","2,65€",Condimenti e conserve,Sughi pronti e derivati del pomodoro
SUGO POM/VER.ORTOL.KIDS BIO 2x100g,"13,25 € / Kg","2,65€",Condimenti e conserve,Sughi pronti e derivati del pomodoro
Maionese 143 g Conad,"6,92 € / Kg","0,99€",Condimenti e conserve,"Salse, patè e altri spalmabili salati"
Maionese 240 g Conad,"5,79 € / Kg","1,39€",Condimenti e conserve,"Salse, patè e altri spalmabili salati"
Maionese 247 g Conad,"7,09 € / Kg","1,75€",Condimenti e conserve,"Salse, patè e altri spalmabili salati"
Maionese 480 g Conad,"4,56 € / Kg","2,19€",Condimenti e conserve,"Salse, patè e altri spalmabili salati"
Maionese 6 x 12 g Conad,"14,58 € / Kg","1,05€",Condimenti e conserve,"Salse, patè e altri spalmabili salati"
Maionese Biologica 143 g Verso Natura Bio Conad,"12,59 € / Kg","1,80€",Condimenti e conserve,"Salse, patè e altri spalmabili salati"
Biffi la Maionese Italiana 480 g,6.6 € / Kg,"2,39€",Condimenti e conserve,"Salse, patè e altri spalmabili salati"
Calvè Maionese Classica 250 ml,8.8 € / L,"1,29€",Condimenti e conserve,"Salse, patè e altri spalmabili salati"
Calvè Classica 225 ml,"7,96 € / L","1,79€",Condimenti e conserve,"Salse, patè e altri spalmabili salati"
Calvè Classica 450 ml,"6,64 € / L","2,99€",Condimenti e conserve,"Salse, patè e altri spalmabili salati"
Calvé Fresca Ma-Yò 150 ml,"10,60 € / L","1,59€",Condimenti e conserve,"Salse, patè e altri spalmabili salati"
Calvé Fresca Ma-Yò 225 ml,"8,22 € / L","1,85€",Condimenti e conserve,"Salse, patè e altri spalmabili salati"
Calvé Raffinata 150 ml,"9,93 € / L","1,49€",Condimenti e conserve,"Salse, patè e altri spalmabili salati"
Cuore maionese 100% Vegetale 180 g,"14,39 € / Kg","2,59€",Condimenti e conserve,"Salse, patè e altri spalmabili salati"
Heinz [Squisitamente] Buona Maionese 235 g,"9,32 € / Kg","2,19€",Condimenti e conserve,"Salse, patè e altri spalmabili salati"
Kraft Mayonnaise 150 ml,"9,27 € / L","1,39€",Condimenti e conserve,"Salse, patè e altri spalmabili salati"
Kraft mayonnaise 175 g,"8,51 € / Kg","1,49€",Condimenti e conserve,"Salse, patè e altri spalmabili salati"
Ketchup 280 g Conad,"4,29 € / Kg","1,20€",Condimenti e conserve,"Salse, patè e altri spalmabili salati"
Ketchup 6 bustine 72 g Conad,"14,58 € / Kg","1,05€",Condimenti e conserve,"Salse, patè e altri spalmabili salati"
Ketchup Piccante 280 g Conad,"4,29 € / Kg","1,20€",Condimenti e conserve,"Salse, patè e altri spalmabili salati"
Nduja di Calabria spalmabile 180 g Sapori & Dintorni Conad,"22,17 € / Kg","3,99€",Condimenti e conserve,"Salse, patè e altri spalmabili salati"
Pasta di Acciughe 60 g CONAD,"21,50 € / Kg","1,29€",Condimenti e conserve,"Salse, patè e altri spalmabili salati"
Pasta di Olive Taggiasche della provincia di Imperia con Olio EVO 10% 180 g Sapori & Dintorni Conad,"16,39 € / Kg","2,95€",Condimenti e conserve,"Salse, patè e altri spalmabili salati"
Salsa Barbecue Squeeze 270 g Conad,"5,85 € / Kg","1,58€",Condimenti e conserve,"Salse, patè e altri spalmabili salati"
Salsa Cocktail 240 g Conad,"7,71 € / Kg","1,85€",Condimenti e conserve,"Salse, patè e altri spalmabili salati"
Salsa Tartara 240 g Conad,"7,71 € / Kg","1,85€",Condimenti e conserve,"Salse, patè e altri spalmabili salati"
Salsa Tartufata 180 g Sapori & Idee Conad,"23,83 € / Kg","4,29€",Condimenti e conserve,"Salse, patè e altri spalmabili salati"
Salsa Tonnata 240 g Conad,"8,54 € / Kg","2,05€",Condimenti e conserve,"Salse, patè e altri spalmabili salati"
Senape 270 g Conad,"5,52 € / Kg","1,49€",Condimenti e conserve,"Salse, patè e altri spalmabili salati"
Senape Dijon 140 g Sapori & Idee Conad,"12,07 € / Kg","1,69€",Condimenti e conserve,"Salse, patè e altri spalmabili salati"
Senape in Grani all'Antica 140 g Sapori & Idee Conad,"12,07 € / Kg","1,69€",Condimenti e conserve,"Salse, patè e altri spalmabili salati"
Calvé Barbecue 250 ml,9.5 € / L,"1,59€",Condimenti e conserve,"Salse, patè e altri spalmabili salati"
Calvé Burger 250 ml,9.5 € / L,"1,59€",Condimenti e conserve,"Salse, patè e altri spalmabili salati"
Calvè Ketchup 250 ml,6.3 € / L,"1,09€",Condimenti e conserve,"Salse, patè e altri spalmabili salati"
Calvè Ketchup Piccante 250 ml,6.3 € / L,"1,09€",Condimenti e conserve,"Salse, patè e altri spalmabili salati"
Calvè Messicana 250 ml,9.5 € / L,"1,59€",Condimenti e conserve,"Salse, patè e altri spalmabili salati"
Calvè Salsa Rosa 250 ml,9.5 € / L,"1,59€",Condimenti e conserve,"Salse, patè e altri spalmabili salati"
Calvé Salsa Tonnata 225 ml,"8,67 € / L","1,95€",Condimenti e conserve,"Salse, patè e altri spalmabili salati"
Calvè Senape 250 ml,"9,56 € / L","2,39€",Condimenti e conserve,"Salse, patè e altri spalmabili salati"
Develey Salsa greca 250 ml,"8,76 € / L","2,19€",Condimenti e conserve,"Salse, patè e altri spalmabili salati"
Develey Salsa messicana 250 ml,"8,76 € / L","2,19€",Condimenti e conserve,"Salse, patè e altri spalmabili salati"
Heinz Classic Barbecue 260 g,"11,88 € / Kg","3,09€",Condimenti e conserve,"Salse, patè e altri spalmabili salati"
Heinz Salsa Cocktail 225 g,"13,73 € / Kg","3,09€",Condimenti e conserve,"Salse, patè e altri spalmabili salati"
Heinz Tomato Ketchup 250 g,"8,36 € / Kg","2,09€",Condimenti e conserve,"Salse, patè e altri spalmabili salati"
Heinz Tomato Ketchup 400 ml,"6,85 € / Kg","3,15€",Condimenti e conserve,"Salse, patè e altri spalmabili salati"
Heinz Tomato Ketchup 50% Meno Zucchero e Sale* 220 ml,"9,32 € / Kg","2,19€",Condimenti e conserve,"Salse, patè e altri spalmabili salati"
Heinz Yellow Mustard Senape Classica 240 g,"12,88 € / Kg","3,09€",Condimenti e conserve,"Salse, patè e altri spalmabili salati"
Jensen's Luxus Leber-Pâté 80 g,"34,38 € / Kg","2,75€",Condimenti e conserve,"Salse, patè e altri spalmabili salati"
Kikkoman Salsa di Soia 150 ml,"27,67 € / L","4,15€",Condimenti e conserve,"Salse, patè e altri spalmabili salati"
Kikkoman Salsa di Soia a Tasso Ridotto di Sale150 ml,"32,33 € / L","4,85€",Condimenti e conserve,"Salse, patè e altri spalmabili salati"
Lea & Perrins Worcestershire Sauce 150 ml,"25,00 € / L","3,75€",Condimenti e conserve,"Salse, patè e altri spalmabili salati"
Louit Frères Senape Dilora 130 g,"9,92 € / Kg","1,29€",Condimenti e conserve,"Salse, patè e altri spalmabili salati"
Maille Dÿon Originale Senape di Digione 215 g,"12,05 € / Kg","2,59€",Condimenti e conserve,"Salse, patè e altri spalmabili salati"
Mato Mato Ketchup classico 390g,"4,10 € / Kg","1,60€",Condimenti e conserve,"Salse, patè e altri spalmabili salati"
Rio mare Patè Salmone Rosa 100 g,"29,90 € / Kg","2,99€",Condimenti e conserve,"Salse, patè e altri spalmabili salati"
Rio Mare Paté Tonno 100 g,"29,90 € / Kg","2,99€",Condimenti e conserve,"Salse, patè e altri spalmabili salati"
Rio mare Patè Tonno e Pomodori Secchi 100 g,"29,90 € / Kg","2,99€",Condimenti e conserve,"Salse, patè e altri spalmabili salati"
Skippy Creamy Peanut Butter 340 g,"17,03 € / Kg","5,79€",Condimenti e conserve,"Salse, patè e altri spalmabili salati"
Suzi Wan Salsa di peperoncini 100 g,"22,50 € / Kg","2,25€",Condimenti e conserve,"Salse, patè e altri spalmabili salati"
Tabasco Pepper Sauce 60 ml,"46,50 € / L","2,79€",Condimenti e conserve,"Salse, patè e altri spalmabili salati"
PASTA DI CAPPERI TUBO TRIGLIA 55g,"32,55 € / Kg","1,79€",Condimenti e conserve,"Salse, patè e altri spalmabili salati"
PASTA DI CIPOLLA TUBO TRIGLIA 55g,"32,55 € / Kg","1,79€",Condimenti e conserve,"Salse, patè e altri spalmabili salati"
SALSA VERDE ALBERTI 170g,"19,41 € / Kg","3,30€",Condimenti e conserve,"Salse, patè e altri spalmabili salati"
Olive Itrana della Valle di Itri denocciolate in Salamoia 285 g Sapori & Dintorni Conad,"11,40 € / Kg","3,25€",Condimenti e conserve,"Olive, sottoli e sottaceti"
Olive Kalamata denocciolate in salamoia 285 g Sapori & Idee Conad,"8,74 € / Kg","2,49€",Condimenti e conserve,"Olive, sottoli e sottaceti"
Olive La Bella di Cerignola in Salamoia 550 g Sapori & Dintorni Conad,"6,27 € / Kg","3,45€",Condimenti e conserve,"Olive, sottoli e sottaceti"
Olive Nere Intere Essiccate 200 g Conad,"8,95 € / Kg","1,79€",Condimenti e conserve,"Olive, sottoli e sottaceti"
Olive Nere Intere in Salamoia 350 g Conad,"3,29 € / Kg","1,15€",Condimenti e conserve,"Olive, sottoli e sottaceti"
Olive Nere Snocciolate in Salamoia 3 x 200 g Conad,"4,32 € / Kg","2,59€",Condimenti e conserve,"Olive, sottoli e sottaceti"
Olive Nere Snocciolate in Salamoia 350 g Conad,"3,69 € / Kg","1,29€",Condimenti e conserve,"Olive, sottoli e sottaceti"
Olive Nocellara di Sicilia intere in Salamoia 290 g Sapori & Dintorni Conad,"8,59 € / Kg","2,49€",Condimenti e conserve,"Olive, sottoli e sottaceti"
Olive Taggiasche della provincia di Imperia in Salamoia 280 g Conad,"11,04 € / Kg","3,09€",Condimenti e conserve,"Olive, sottoli e sottaceti"
Olive Taggiasche denocciolate della provincia di Imperia in Olio EVO 180 g Sapori e Dintorni Conad,"25,50 € / Kg","4,59€",Condimenti e conserve,"Olive, sottoli e sottaceti"
Olive Verdi Farcite Sottolio 285 g Conad,"7,89 € / Kg","2,25€",Condimenti e conserve,"Olive, sottoli e sottaceti"
Olive Verdi Intere Giganti in Salamoia 550 g Conad,"5,00 € / Kg","2,75€",Condimenti e conserve,"Olive, sottoli e sottaceti"
Olive Verdi Intere in Salamoia 185 g Conad,"4,05 € / Kg","0,75€",Condimenti e conserve,"Olive, sottoli e sottaceti"
Olive Verdi Intere in Salamoia 310 g Conad,"3,87 € / Kg","1,20€",Condimenti e conserve,"Olive, sottoli e sottaceti"
Olive Verdi Snocciolate in Salamoia 185 g Conad,"4,05 € / Kg","0,75€",Condimenti e conserve,"Olive, sottoli e sottaceti"
Olive Verdi Snocciolate in Salamoia 300 g Conad,"4,33 € / Kg","1,30€",Condimenti e conserve,"Olive, sottoli e sottaceti"
Monini l'Oliva Bella di Cerignola al Naturale Denocciolata 150 g,"19,93 € / Kg","2,99€",Condimenti e conserve,"Olive, sottoli e sottaceti"
Monini l'Oliva Peranzana Biologica al Naturale Intera 150 g,"19,93 € / Kg","2,99€",Condimenti e conserve,"Olive, sottoli e sottaceti"
Saclà Bio Olive Verdi Snocciolate 185 g,"26,67 € / Kg","2,40€",Condimenti e conserve,"Olive, sottoli e sottaceti"
Saclà OlivOlì Farcite al Peperone 140 g,"24,88 € / Kg","1,99€",Condimenti e conserve,"Olive, sottoli e sottaceti"
Saclà OlivOlì Nere Snocciolate 330 g,"13,27 € / Kg","1,99€",Condimenti e conserve,"Olive, sottoli e sottaceti"
Saclà OlivOlì Nere Snocciolate Senza Liquido 75 g,"14,67 € / Kg","1,10€",Condimenti e conserve,"Olive, sottoli e sottaceti"
Saclà OlivOlì Nere Toste 100 g,"11,00 € / Kg","1,10€",Condimenti e conserve,"Olive, sottoli e sottaceti"
Saclà OlivOlì Snocciolate 290 g,"15,75 € / Kg","1,89€",Condimenti e conserve,"Olive, sottoli e sottaceti"
Saclà OlivOlì Verdi a Rondelle 185 g,"11,53 € / Kg","0,98€",Condimenti e conserve,"Olive, sottoli e sottaceti"
Saclà OlivOlì Verdi Intere 300 g,"11,71 € / Kg","1,99€",Condimenti e conserve,"Olive, sottoli e sottaceti"
Saclà OlivOlì Verdi Snocciolate 185 g,"11,53 € / Kg","0,98€",Condimenti e conserve,"Olive, sottoli e sottaceti"
Capperi Lacrimella Sottaceto 210 g Conad,"10,00 € / Kg","2,10€",Condimenti e conserve,"Olive, sottoli e sottaceti"
Capperi Occhiello Sottaceto 95 g Conad,"16,74 € / Kg","1,59€",Condimenti e conserve,"Olive, sottoli e sottaceti"
Cetriolini Sottaceto 300 g Conad,"4,33 € / Kg","1,30€",Condimenti e conserve,"Olive, sottoli e sottaceti"
Cipolle Borettane all'Aceto Balsamico di Modena IGP 290 g Sapori e Dintorni Conad,"8,59 € / Kg","2,49€",Condimenti e conserve,"Olive, sottoli e sottaceti"
"Cipolle in Agrodolce a Base di ""Cipolla Rossa di Tropea Calabria IGP"" 530 g Conad","8,28 € / Kg","4,39€",Condimenti e conserve,"Olive, sottoli e sottaceti"
Cipolline Borettane Agrodolce 290 g Conad,"5,34 € / Kg","1,55€",Condimenti e conserve,"Olive, sottoli e sottaceti"
Cipolline Sottaceto 300 g Conad,"3,97 € / Kg","1,19€",Condimenti e conserve,"Olive, sottoli e sottaceti"
Frutti di Cappero Sottaceto 210 g Conad,"14,24 € / Kg","2,99€",Condimenti e conserve,"Olive, sottoli e sottaceti"
Giardiniera Sottaceto 300 g Conad,"3,67 € / Kg","1,10€",Condimenti e conserve,"Olive, sottoli e sottaceti"
Giardiniera Sottaceto 530 g Conad,"3,21 € / Kg","1,70€",Condimenti e conserve,"Olive, sottoli e sottaceti"
Insalatina di Verdure Sottaceto 300 g Conad,"4,50 € / Kg","1,35€",Condimenti e conserve,"Olive, sottoli e sottaceti"
Peperoni a Filetti Sottaceto 300 g Conad,"5,00 € / Kg","1,50€",Condimenti e conserve,"Olive, sottoli e sottaceti"
Peperoni in Falde Agrodolce 300 g Conad,"5,50 € / Kg","1,65€",Condimenti e conserve,"Olive, sottoli e sottaceti"
Ponti Cipolline Borettane 300 g,"7,30 € / Kg","2,19€",Condimenti e conserve,"Olive, sottoli e sottaceti"
Ponti Peperlizia Cipolline 280 g,"9,96 € / Kg","2,79€",Condimenti e conserve,"Olive, sottoli e sottaceti"
Ponti Peperlizia Peperoni 280 g,"11,04 € / Kg","3,09€",Condimenti e conserve,"Olive, sottoli e sottaceti"
Saclà Acetelli Cetrioli 290 g,"9,93 € / Kg","1,49€",Condimenti e conserve,"Olive, sottoli e sottaceti"
Saclà Acetelli Cipolline 300 g,"8,28 € / Kg","1,49€",Condimenti e conserve,"Olive, sottoli e sottaceti"
Saclà Acetelli Giardiniera 290 g,"12,29 € / Kg","2,09€",Condimenti e conserve,"Olive, sottoli e sottaceti"
Antipasto Sottolio 285 g Conad,"6,63 € / Kg","1,89€",Condimenti e conserve,"Olive, sottoli e sottaceti"
Antipasto Sottolio 530 g Conad,"6,21 € / Kg","3,29€",Condimenti e conserve,"Olive, sottoli e sottaceti"
Carciofi con Gambino alla Romana in olio di oliva g. 520 Conad,"13,44 € / Kg","6,99€",Condimenti e conserve,"Olive, sottoli e sottaceti"
Carciofini alla Casalinga Sottolio 285 g Conad,"12,63 € / Kg","3,60€",Condimenti e conserve,"Olive, sottoli e sottaceti"
Carciofini di Puglia interi in Olio Extra Vergine di Oliva Italiano 285 g Sapori & Dintorni Conad,"17,37 € / Kg","4,95€",Condimenti e conserve,"Olive, sottoli e sottaceti"
Carciofini Interi Sottolio 285 g Conad,"11,54 € / Kg","3,29€",Condimenti e conserve,"Olive, sottoli e sottaceti"
Carciofini Interi Sottolio 540 g Conad,"10,17 € / Kg","5,49€",Condimenti e conserve,"Olive, sottoli e sottaceti"
Carciofini Tagliati Sottolio 285 g Conad,"9,09 € / Kg","2,59€",Condimenti e conserve,"Olive, sottoli e sottaceti"
Carciofini Tagliati Sottolio 540 g Conad,"7,94 € / Kg","4,29€",Condimenti e conserve,"Olive, sottoli e sottaceti"
Funghi Champignons Sottolio 285 g Conad,"8,39 € / Kg","2,39€",Condimenti e conserve,"Olive, sottoli e sottaceti"
Funghi Champignons Trifolati Sottolio 285 g Conad,"8,04 € / Kg","2,29€",Condimenti e conserve,"Olive, sottoli e sottaceti"
I Grigliati Carciofi Sottolio 320 g Conad,"10,91 € / Kg","3,49€",Condimenti e conserve,"Olive, sottoli e sottaceti"
I Grigliati Cipolle Borettane Sottolio 320 g Conad,"8,41 € / Kg","2,69€",Condimenti e conserve,"Olive, sottoli e sottaceti"
I Grigliati Funghi Champignons Sottolio 320 g Conad,"8,41 € / Kg","2,69€",Condimenti e conserve,"Olive, sottoli e sottaceti"
I Grigliati Melanzane Sottolio 320 g Conad,"8,41 € / Kg","2,69€",Condimenti e conserve,"Olive, sottoli e sottaceti"
I Grigliati Zucchine Sottolio 320 g Conad,"8,41 € / Kg","2,69€",Condimenti e conserve,"Olive, sottoli e sottaceti"
Melanzane a Filetti Sottolio 285 g Conad,"6,28 € / Kg","1,79€",Condimenti e conserve,"Olive, sottoli e sottaceti"
Misto funghi alla boscaiola - sottolio - g.  285,"11,54 € / Kg","3,29€",Condimenti e conserve,"Olive, sottoli e sottaceti"
Peperoncini piccanti di Calabria tritati in Olio di Oliva 180 g Sapori & Dintorni Conad,"19,39 € / Kg","3,49€",Condimenti e conserve,"Olive, sottoli e sottaceti"
Peperoni grigliati - sottolio - 320 g Conad,"8,41 € / Kg","2,69€",Condimenti e conserve,"Olive, sottoli e sottaceti"
Pomodori secchi di Calabria in Olio di Oliva 270 g Sapori & Dintorni Conad,"14,26 € / Kg","3,85€",Condimenti e conserve,"Olive, sottoli e sottaceti"
Pomodori Secchi Sottolio 270 g Conad,"8,89 € / Kg","2,40€",Condimenti e conserve,"Olive, sottoli e sottaceti"
Le conserve della nonna Pepic anelli 190 g,"16,32 € / Kg","3,10€",Condimenti e conserve,"Olive, sottoli e sottaceti"
Le Conserve della Nonna Salsa Contadina Fine 280 g,"9,46 € / Kg","2,65€",Condimenti e conserve,"Olive, sottoli e sottaceti"
Montello Funghi Prataioli trifolati 180 g,"8,89 € / Kg","1,60€",Condimenti e conserve,"Olive, sottoli e sottaceti"
Saclà Sottolì Carciofini Tagliati 285 g,"13,68 € / Kg","3,90€",Condimenti e conserve,"Olive, sottoli e sottaceti"
Saclà Sottolì Cipolline 290 g,"10,31 € / Kg","2,99€",Condimenti e conserve,"Olive, sottoli e sottaceti"
Saclà Sottolì Funghetti 290 g,"12,93 € / Kg","3,75€",Condimenti e conserve,"Olive, sottoli e sottaceti"
Saclà Specialità Fagiolata Rustica 290 g,"8,10 € / Kg","2,35€",Condimenti e conserve,"Olive, sottoli e sottaceti"
Saclà Specialità Peperonata 290 g,"9,62 € / Kg","2,79€",Condimenti e conserve,"Olive, sottoli e sottaceti"
Capperi al Sale Marino 130 g Conad,"14,23 € / Kg","1,85€",Condimenti e conserve,"Olive, sottoli e sottaceti"
Cappero di Pantelleria IGP al Sale Marino 130 g Sapori e Dintorni Conad,"40,00 € / Kg","5,20€",Condimenti e conserve,"Olive, sottoli e sottaceti"
OLIVE SNOCCIOLATE BELOTTI 290g,6.0 € / Kg,"0,87€",Condimenti e conserve,"Olive, sottoli e sottaceti"
OLIVE NERE SNOCC.ISNARDI O.EXV.185g,"19,73 € / Kg","3,65€",Condimenti e conserve,"Olive, sottoli e sottaceti"
OLIVE POLLI NERE DEN VASC 2x40g,"16,12 € / Kg","1,29€",Condimenti e conserve,"Olive, sottoli e sottaceti"
OLIVE POLLI VERDI DEN VASC 2x40 g,"16,12 € / Kg","1,29€",Condimenti e conserve,"Olive, sottoli e sottaceti"
MINI CETRIOLI AGRODOLCE CITRES 290g,"6,55 € / Kg","1,90€",Condimenti e conserve,"Olive, sottoli e sottaceti"
PEPERONI LOMBARDI BELOTTI 250g,"10,20 € / Kg","2,55€",Condimenti e conserve,"Olive, sottoli e sottaceti"
ANTIPASTO C/TONNO POLLI 210g,"12,81 € / Kg","2,69€",Condimenti e conserve,"Olive, sottoli e sottaceti"
ANTIPASTO O.S.BELOTTI 290g,"8,28 € / Kg","2,40€",Condimenti e conserve,"Olive, sottoli e sottaceti"
CARCIOFI ALLA GIUDEA CITRES 290g,"9,62 € / Kg","2,79€",Condimenti e conserve,"Olive, sottoli e sottaceti"
FARCITURA BELOTTI 280g,"7,68 € / Kg","2,15€",Condimenti e conserve,"Olive, sottoli e sottaceti"
FUNGHI COLT.O.S.BELOTTI 290g,"12,72 € / Kg","3,69€",Condimenti e conserve,"Olive, sottoli e sottaceti"
Asparagi verdi g 330 Conad,"8,94 € / Kg","2,95€",Condimenti e conserve,"Legumi, cereali e vegetali conservati"
Carotine 3 x 200 g Conad,"3,98 € / Kg","2,39€",Condimenti e conserve,"Legumi, cereali e vegetali conservati"
Ceci 360 g Conad,"2,19 € / Kg","0,79€",Condimenti e conserve,"Legumi, cereali e vegetali conservati"
Ceci g 400x3 Conad,"1,71 € / Kg","2,05€",Condimenti e conserve,"Legumi, cereali e vegetali conservati"
Fagiolini Fini 400 g Conad,"2,75 € / Kg","1,10€",Condimenti e conserve,"Legumi, cereali e vegetali conservati"
Farro sottovuoto 150g x 3 Conad,"4,87 € / Kg","2,19€",Condimenti e conserve,"Legumi, cereali e vegetali conservati"
Funghi Champignon 400 g Conad,"4,88 € / Kg","1,95€",Condimenti e conserve,"Legumi, cereali e vegetali conservati"
Germogli 3 x 200 g Conad,"3,50 € / Kg","2,10€",Condimenti e conserve,"Legumi, cereali e vegetali conservati"
I Cotti al Vapore Ceci 3 x 150 g Conad,"5,00 € / Kg","2,25€",Condimenti e conserve,"Legumi, cereali e vegetali conservati"
I Cotti al Vapore Soia 3 x 150 g Conad,"4,87 € / Kg","2,19€",Condimenti e conserve,"Legumi, cereali e vegetali conservati"
Lenticchie 400 g Conad,"2,22 € / Kg","0,89€",Condimenti e conserve,"Legumi, cereali e vegetali conservati"
Lenticchie Farro Carote e Piselli g 400 Conad,"4,22 € / Kg","1,69€",Condimenti e conserve,"Legumi, cereali e vegetali conservati"
Piselli e Carotine g 400 Conad,"3,22 € / Kg","1,29€",Condimenti e conserve,"Legumi, cereali e vegetali conservati"
Montello Bio Farro 400 g,4.1 € / Kg,"1,05€",Condimenti e conserve,"Legumi, cereali e vegetali conservati"
Montello Legumix 400 g,3.6 € / Kg,"0,97€",Condimenti e conserve,"Legumi, cereali e vegetali conservati"
Montello Quinoa tricolore Lessata al Naturale 400 g,4.1 € / Kg,"1,05€",Condimenti e conserve,"Legumi, cereali e vegetali conservati"
Bonduelle Fave al Vapore 310 g,"5,13 € / Kg","1,59€",Condimenti e conserve,"Legumi, cereali e vegetali conservati"
Bonduelle Germogli 3 x 200 g,"4,15 € / Kg","2,49€",Condimenti e conserve,"Legumi, cereali e vegetali conservati"
Bonduelle Mais Mix Mais e Piselli 3 x 170 g,"4,88 € / Kg","2,49€",Condimenti e conserve,"Legumi, cereali e vegetali conservati"
"Bonduelle Mais Mix Mais, Olive e Peperoni 3 x 170 g","4,88 € / Kg","2,49€",Condimenti e conserve,"Legumi, cereali e vegetali conservati"
Cirio Lenticchie 2 x 410 g,"5,81 € / Kg","2,79€",Condimenti e conserve,"Legumi, cereali e vegetali conservati"
D'Amico i Facili da Cucinare CarcioFette 380 g,"7,24 € / Kg","2,75€",Condimenti e conserve,"Legumi, cereali e vegetali conservati"
Le Conserve della Nonna Fagiolini verdi Extra-fini 680 g,"7,80 € / Kg","2,69€",Condimenti e conserve,"Legumi, cereali e vegetali conservati"
Ponti Zero Olio Carciofi Pepe & Limone 300 g,"11,63 € / Kg","3,49€",Condimenti e conserve,"Legumi, cereali e vegetali conservati"
"Valfrutta Buonmix Mais, Cannellini, Carote, Soia, Farro, Scalogno 3 x 140 g","8,95 € / Kg","3,49€",Condimenti e conserve,"Legumi, cereali e vegetali conservati"
Valfrutta Cotti a Vapore Ceci 3 x 150 g,"6,31 € / Kg","2,65€",Condimenti e conserve,"Legumi, cereali e vegetali conservati"
Valfrutta Cotti a Vapore Lenticchie 3 x 150 g,"5,89 € / Kg","2,65€",Condimenti e conserve,"Legumi, cereali e vegetali conservati"
Valfrutta Cotti a Vapore Mix Mediterraneo 3 x 140 g,"8,95 € / Kg","3,49€",Condimenti e conserve,"Legumi, cereali e vegetali conservati"
Valfrutta Fagiolini MedioFini Italiani 400 g,"6,14 € / Kg","1,35€",Condimenti e conserve,"Legumi, cereali e vegetali conservati"
Fagioli Bianchi di Spagna 400 g Conad,"2,22 € / Kg","0,89€",Condimenti e conserve,"Legumi, cereali e vegetali conservati"
Fagioli Borlotti 3 x 400 g Conad,"1,82 € / Kg","2,19€",Condimenti e conserve,"Legumi, cereali e vegetali conservati"
Fagioli Borlotti 360 g Conad,"2,19 € / Kg","0,79€",Condimenti e conserve,"Legumi, cereali e vegetali conservati"
Fagioli Borlotti Biologici 340 g Verso Natura Bio Conad,"4,09 € / Kg","1,39€",Condimenti e conserve,"Legumi, cereali e vegetali conservati"
Fagioli Cannellini 3 x 400 g Conad,"1,82 € / Kg","2,19€",Condimenti e conserve,"Legumi, cereali e vegetali conservati"
Fagioli Cannellini 360 g Conad,"2,19 € / Kg","0,79€",Condimenti e conserve,"Legumi, cereali e vegetali conservati"
Fagioli Cannellini Biologici 340 g Verso Natura Bio Conad,"4,09 € / Kg","1,39€",Condimenti e conserve,"Legumi, cereali e vegetali conservati"
Fagioli Corona 400 g Conad,"2,62 € / Kg","1,05€",Condimenti e conserve,"Legumi, cereali e vegetali conservati"
I Cotti al Vapore Fagioli Borlotti 3 x 150 g Conad,"15,00 € / Kg","2,25€",Condimenti e conserve,"Legumi, cereali e vegetali conservati"
I Cotti al Vapore Fagioli Cannellini 3 x 150 g Conad,"5,00 € / Kg","2,25€",Condimenti e conserve,"Legumi, cereali e vegetali conservati"
I Cotti al Vapore Fagioli Rossi 3 x 150 g Conad,"5,00 € / Kg","2,25€",Condimenti e conserve,"Legumi, cereali e vegetali conservati"
Montello Fagioli Borlotti Lamon 400 g,5.3 € / Kg,"1,49€",Condimenti e conserve,"Legumi, cereali e vegetali conservati"
Montello Fagioli Giganti Corona Lessati al Naturale 400 g,5.3 € / Kg,"1,49€",Condimenti e conserve,"Legumi, cereali e vegetali conservati"
Bonduelle Borlotti al Vapore 3 x 165 g,"4,83 € / Kg","2,39€",Condimenti e conserve,"Legumi, cereali e vegetali conservati"
Le Conserve della Nonna Fagioli Corona 360 g,"9,32 € / Kg","2,05€",Condimenti e conserve,"Legumi, cereali e vegetali conservati"
Valfrutta Bio Borlotti 2 x 400 g,"7,27 € / Kg","3,49€",Condimenti e conserve,"Legumi, cereali e vegetali conservati"
Valfrutta Bio Cannellini 2 x 400 g,"7,27 € / Kg","3,49€",Condimenti e conserve,"Legumi, cereali e vegetali conservati"
Valfrutta Borlotti 3 x 400 g,"4,25 € / Kg","3,19€",Condimenti e conserve,"Legumi, cereali e vegetali conservati"
Valfrutta Cannellini 3 x 400 g,"4,43 € / Kg","3,19€",Condimenti e conserve,"Legumi, cereali e vegetali conservati"
Valfrutta Cotti a Vapore Borlotti Italiani 3 x 150 g,"6,31 € / Kg","2,65€",Condimenti e conserve,"Legumi, cereali e vegetali conservati"
Valfrutta Cotti a Vapore Cannellini 3 x 150 g,"6,31 € / Kg","2,65€",Condimenti e conserve,"Legumi, cereali e vegetali conservati"
I Cotti al Vapore Piselli Fini 3 x 150 g Conad,"4,87 € / Kg","2,19€",Condimenti e conserve,"Legumi, cereali e vegetali conservati"
Piselli Biologici 340 g Verso Natura Bio Conad,"4,97 € / Kg","1,69€",Condimenti e conserve,"Legumi, cereali e vegetali conservati"
Piselli fini g 400 x 3 Conad,"2,49 € / Kg","2,99€",Condimenti e conserve,"Legumi, cereali e vegetali conservati"
Piselli Finissimi 360 g Conad,"3,19 € / Kg","1,15€",Condimenti e conserve,"Legumi, cereali e vegetali conservati"
Piselli Finissimi 400 g Conad,"2,22 € / Kg","0,89€",Condimenti e conserve,"Legumi, cereali e vegetali conservati"
Piselli Medi 3 x 400 g Conad,"2,49 € / Kg","2,99€",Condimenti e conserve,"Legumi, cereali e vegetali conservati"
Bonduelle Piselli Finissimi 3 x 160 g,"5,81 € / Kg","2,79€",Condimenti e conserve,"Legumi, cereali e vegetali conservati"
Bonduelle Piselli Medi 2 x 305 g,"3,59 € / Kg","2,19€",Condimenti e conserve,"Legumi, cereali e vegetali conservati"
Cirio Piselli Medi 410 g,"5,15 € / Kg","1,39€",Condimenti e conserve,"Legumi, cereali e vegetali conservati"
Valfrutta Cotti a Vapore Piselli Piccoli Italiani 3 x 150 g,"6,88 € / Kg","2,89€",Condimenti e conserve,"Legumi, cereali e vegetali conservati"
Valfrutta Piselli medi italiani 3 x 410 g,"2,80 € / Kg","3,45€",Condimenti e conserve,"Legumi, cereali e vegetali conservati"
Cous Cous 250 g Conad,"7,96 € / Kg","1,99€",Condimenti e conserve,"Legumi, cereali e vegetali conservati"
Cous Cous 500 g Conad,"2,98 € / Kg","1,49€",Condimenti e conserve,"Legumi, cereali e vegetali conservati"
Cous Cous Integrale 500 g Conad,"2,98 € / Kg","1,49€",Condimenti e conserve,"Legumi, cereali e vegetali conservati"
Farro Biologico 400 g Verso Natura Bio Conad,"6,88 € / Kg","2,75€",Condimenti e conserve,"Legumi, cereali e vegetali conservati"
Farro Perlato 400 g Conad,"4,97 € / Kg","1,99€",Condimenti e conserve,"Legumi, cereali e vegetali conservati"
Farro Perlato della Toscana 300 g Conad,"8,30 € / Kg","2,49€",Condimenti e conserve,"Legumi, cereali e vegetali conservati"
Farro perlato g 300 Verso Natura Bio Conad,"6,63 € / Kg","1,99€",Condimenti e conserve,"Legumi, cereali e vegetali conservati"
I Cotti al Vapore Mais 3 x 160 g Conad,"5,73 € / Kg","2,75€",Condimenti e conserve,"Legumi, cereali e vegetali conservati"
I Cotti al Vapore Mais 310 g Conad,"4,03 € / Kg","1,25€",Condimenti e conserve,"Legumi, cereali e vegetali conservati"
Mais Biologico 160 g x 2 Verso Natura Bio Conad,"8,09 € / Kg","2,59€",Condimenti e conserve,"Legumi, cereali e vegetali conservati"
Mix 5 cereali Rapida Cottura 250 g Conad,"7,96 € / Kg","1,99€",Condimenti e conserve,"Legumi, cereali e vegetali conservati"
"Mix Orzo, Farro, Lenticchie e Grano Rapida Cottura 250 g Conad","7,96 € / Kg","1,99€",Condimenti e conserve,"Legumi, cereali e vegetali conservati"
"Mix Riso Thai, Farro, Grano e Legumi Rapida Cottura 250 g Conad","7,96 € / Kg","1,99€",Condimenti e conserve,"Legumi, cereali e vegetali conservati"
Orzo g 400 Verso Natura Bio Conad,"5,88 € / Kg","2,35€",Condimenti e conserve,"Legumi, cereali e vegetali conservati"
Orzo perlato 400g Conad,"3,47 € / Kg","1,39€",Condimenti e conserve,"Legumi, cereali e vegetali conservati"
Orzo Perlato Biologico 300 g Verso Natura Bio Conad,"5,97 € / Kg","1,79€",Condimenti e conserve,"Legumi, cereali e vegetali conservati"
"Piacersi Mix 5 Cereali con grano, farro, orzo, riso e avena 400 g Conad","5,98 € / Kg","2,39€",Condimenti e conserve,"Legumi, cereali e vegetali conservati"
Quinoa bianca g 300 Verso Natura Bio Conad,"10,63 € / Kg","3,19€",Condimenti e conserve,"Legumi, cereali e vegetali conservati"
Quinoa Biologica 300 g Verso Natura Bio Conad,"16,63 € / Kg","4,99€",Condimenti e conserve,"Legumi, cereali e vegetali conservati"
Riso Integrale e Quinoa 400g Conad,"5,98 € / Kg","2,39€",Condimenti e conserve,"Legumi, cereali e vegetali conservati"
Zuppa con Farro Biologica 300 g Verso Natura Bio Conad,"7,63 € / Kg","2,29€",Condimenti e conserve,"Legumi, cereali e vegetali conservati"
Zuppa con Orzo Biologica 300 g Verso Natura Bio Conad,"7,63 € / Kg","2,29€",Condimenti e conserve,"Legumi, cereali e vegetali conservati"
Zuppa con Orzo Farro e Legumi 400 g Conad,"4,97 € / Kg","1,99€",Condimenti e conserve,"Legumi, cereali e vegetali conservati"
Barilla 5 Cereali con riso rosso 400g,"7,12 € / Kg","2,85€",Condimenti e conserve,"Legumi, cereali e vegetali conservati"
Barilla Farro italiano 400g,"7,48 € / Kg","2,99€",Condimenti e conserve,"Legumi, cereali e vegetali conservati"
Bonduelle Mais 3 x 150 g,"7,31 € / Kg","3,29€",Condimenti e conserve,"Legumi, cereali e vegetali conservati"
Bonduelle Mais 300 g,"5,30 € / Kg","1,59€",Condimenti e conserve,"Legumi, cereali e vegetali conservati"
Riso Scotti Oro Insalate Riso e Cereali Senza Glutine 10' 800 g,"3,86 € / Kg","3,09€",Condimenti e conserve,"Legumi, cereali e vegetali conservati"
Ceci 400 g Conad,"4,97 € / Kg","1,99€",Condimenti e conserve,"Legumi, cereali e vegetali conservati"
Ceci g 300 Verso Natura Bio Conad,"6,97 € / Kg","2,09€",Condimenti e conserve,"Legumi, cereali e vegetali conservati"
Ceci Marchigiani 300 g Sapori & Dintorni Conad,"7,63 € / Kg","2,29€",Condimenti e conserve,"Legumi, cereali e vegetali conservati"
Fagioli borlotti 400g Conad,"4,97 € / Kg","1,99€",Condimenti e conserve,"Legumi, cereali e vegetali conservati"
Fagioli Borlotti Biologici 300 g Verso Natura Bio Conad,"8,83 € / Kg","2,65€",Condimenti e conserve,"Legumi, cereali e vegetali conservati"
Fagioli Cannellini 400 g Conad,"4,97 € / Kg","1,99€",Condimenti e conserve,"Legumi, cereali e vegetali conservati"
Fagioli Cannellini Biologici 300 g Verso Natura Bio Conad,"10,63 € / Kg","3,19€",Condimenti e conserve,"Legumi, cereali e vegetali conservati"
Fagioli corona 400g Conad,"7,22 € / Kg","2,89€",Condimenti e conserve,"Legumi, cereali e vegetali conservati"
Fagioli Stregoni Piemontesi 300 g Sapori & Dintorni Conad,"8,67 € / Kg","2,60€",Condimenti e conserve,"Legumi, cereali e vegetali conservati"
Fave Pugliesi 300 g Sapori & Dintorni Conad,"9,17 € / Kg","2,75€",Condimenti e conserve,"Legumi, cereali e vegetali conservati"
Lenticchie dell'Altopiano di Colfiorito 300 g Sapori & Dintorni Conad,"13,30 € / Kg","3,99€",Condimenti e conserve,"Legumi, cereali e vegetali conservati"
Lenticchie Grandi 400 g Conad,"4,22 € / Kg","1,69€",Condimenti e conserve,"Legumi, cereali e vegetali conservati"
Lenticchie Medie 400 g Conad,"4,22 € / Kg","1,69€",Condimenti e conserve,"Legumi, cereali e vegetali conservati"
Lenticchie piccole 400g Conad,"4,22 € / Kg","1,69€",Condimenti e conserve,"Legumi, cereali e vegetali conservati"
Lenticchie Rosse Piccole 400 g Conad,"4,22 € / Kg","1,69€",Condimenti e conserve,"Legumi, cereali e vegetali conservati"
Lenticchie verdi g 300 Verso Natura Bio Conad,"9,00 € / Kg","2,70€",Condimenti e conserve,"Legumi, cereali e vegetali conservati"
Zuppa di Legumi 400 g Conad,"4,97 € / Kg","1,99€",Condimenti e conserve,"Legumi, cereali e vegetali conservati"
Barilla Legumotti lenticchie rosse ceci e piselli 300g,"9,63 € / Kg","2,89€",Condimenti e conserve,"Legumi, cereali e vegetali conservati"
Barilla Legumotti lenticchie rosse e piselli 300g,"9,63 € / Kg","2,89€",Condimenti e conserve,"Legumi, cereali e vegetali conservati"
Colfiorito Fagioli Neri 500 g,"5,70 € / Kg","2,85€",Condimenti e conserve,"Legumi, cereali e vegetali conservati"
Colfiorito Fagioli Occhio 500 g,"5,70 € / Kg","2,85€",Condimenti e conserve,"Legumi, cereali e vegetali conservati"
Colfiorito selezione Oro Lenticchia dell'Umbria 400 g,"9,12 € / Kg","3,65€",Condimenti e conserve,"Legumi, cereali e vegetali conservati"
PISELLI FINISSIMI BIO SARCHIO 350g,"7,57 € / Kg","2,65€",Condimenti e conserve,"Legumi, cereali e vegetali conservati"
CRUSCA D'AVENA BIO SARCHIO 250g,"10,20 € / Kg","2,55€",Condimenti e conserve,"Legumi, cereali e vegetali conservati"
FARRO SOFF.MIE.BIO SARCHIO SAC 200g,"18,25 € / Kg","3,65€",Condimenti e conserve,"Legumi, cereali e vegetali conservati"
FIOCCHI AVENA BIO SARCHIO 375g,"8,93 € / Kg","3,35€",Condimenti e conserve,"Legumi, cereali e vegetali conservati"
FIOCCHI GR.SARAC.S/G SARCHIO 375g,"9,57 € / Kg","3,59€",Condimenti e conserve,"Legumi, cereali e vegetali conservati"
GR.SARAC.SOFFIATO S/G SARCHOP 100g,"21,90 € / Kg","2,19€",Condimenti e conserve,"Legumi, cereali e vegetali conservati"
MIGLIO SOFFIATO BIO S/G SARCHIO100g,"23,50 € / Kg","2,35€",Condimenti e conserve,"Legumi, cereali e vegetali conservati"
MUESLI ENERGI S/G SARCHIO 250g,"15,16 € / Kg","3,79€",Condimenti e conserve,"Legumi, cereali e vegetali conservati"
RISO CIOCO GOLOSO S/G SARCHIO 200g,"18,95 € / Kg","3,79€",Condimenti e conserve,"Legumi, cereali e vegetali conservati"
RISO SOFFIATO BIO S.GL.SARCHIO 200g,"16,25 € / Kg","3,25€",Condimenti e conserve,"Legumi, cereali e vegetali conservati"
I PRONTI PEDON CANNELLINI 250g,"7,96 € / Kg","1,99€",Condimenti e conserve,"Legumi, cereali e vegetali conservati"
I PRONTI PEDON CECI 250g,"7,96 € / Kg","1,99€",Condimenti e conserve,"Legumi, cereali e vegetali conservati"
I PRONTI PEDON LENTICCHIE 250g,"7,96 € / Kg","1,99€",Condimenti e conserve,"Legumi, cereali e vegetali conservati"
FUNGHI SECCHI SPEC RE PORCINO 30g,"0,20 € / conf","5,95€",Condimenti e conserve,"Legumi, cereali e vegetali conservati"
Ananas a Fette in Sciroppo 565 g Conad,"3,86 € / Kg","2,19€",Condimenti e conserve,Frutta conservata
Ananas a Fette in Sciroppo 825 g Conad,"3,38 € / Kg","2,79€",Condimenti e conserve,Frutta conservata
Ananas a Fette in Succo d'Ananas 565 g Conad,"3,88 € / Kg","2,19€",Condimenti e conserve,Frutta conservata
Ananas in Pezzi in Succo d'Ananas 3 x 225 g Conad,"5,41 € / Kg","3,65€",Condimenti e conserve,Frutta conservata
Macedonia di Frutta in Sciroppo 415 g Conad,"4,70 € / Kg","1,95€",Condimenti e conserve,Frutta conservata
Macedonia di Frutta in Sciroppo 680 g Conad,"5,87 € / Kg","3,99€",Condimenti e conserve,Frutta conservata
Pere Williams in Sciroppo 415 g Conad,"4,70 € / Kg","1,95€",Condimenti e conserve,Frutta conservata
Pesche in Sciroppo 415 g Conad,"3,59 € / Kg","1,49€",Condimenti e conserve,Frutta conservata
Pesche in Sciroppo 680 g Conad,"4,40 € / Kg","2,99€",Condimenti e conserve,Frutta conservata
Pesche in Sciroppo 825 g Conad,"3,14 € / Kg","2,59€",Condimenti e conserve,Frutta conservata
Frullà Classico Mela Banana 100 g,"6,20 € / Kg","0,62€",Condimenti e conserve,Frutta conservata
Melinda Mousse 100% Mela e Albicocca 2 x 100 g,"7,25 € / Kg","1,45€",Condimenti e conserve,Frutta conservata
Melinda Mousse 100% Mela e Banana 2 x 100 g,"7,25 € / Kg","1,45€",Condimenti e conserve,Frutta conservata
Melinda Mousse 100% Mela e Fragola 2 x 100 g,"7,25 € / Kg","1,45€",Condimenti e conserve,Frutta conservata
Melinda Mousse 100% Mela e Frutti di Bosco 2 x 100 g,"7,25 € / Kg","1,45€",Condimenti e conserve,Frutta conservata
Melinda Mousse 100% Mela e Kiwi 2 x 100 g,"7,25 € / Kg","1,45€",Condimenti e conserve,Frutta conservata
Melinda Mousse 100% Mela e Melagrana 2 x 100 g,"7,25 € / Kg","1,45€",Condimenti e conserve,Frutta conservata
Melinda Mousse 100% Mela e Mirtillo 2 x 100 g,"7,25 € / Kg","1,45€",Condimenti e conserve,Frutta conservata
Melinda Mousse 100% Mela e Pera 2 x 100 g,"7,25 € / Kg","1,45€",Condimenti e conserve,Frutta conservata
Melinda Mousse 100% Mela e Pesca 2 x 100 g,"7,25 € / Kg","1,45€",Condimenti e conserve,Frutta conservata
Melinda Mousse 100% Mela e Prugna 2 x 100 g,"7,25 € / Kg","1,45€",Condimenti e conserve,Frutta conservata
Melinda Mousse 100% Mela Golden 2 x 100 g,"7,25 € / Kg","1,45€",Condimenti e conserve,Frutta conservata
Melinda Squeez 100% frutta Passata di mela & fragola 90 g,"12,78 € / Kg","1,15€",Condimenti e conserve,Frutta conservata
Melinda Squeez 100% frutta Passata di mela & frutti tropicali 90 g,"12,78 € / Kg","1,15€",Condimenti e conserve,Frutta conservata
Melinda Squeez 100% frutta Passata di mela & pera 90 g,"12,78 € / Kg","1,15€",Condimenti e conserve,Frutta conservata
Melinda Squeez 100% frutta Passata di mela golden 90 g,"12,78 € / Kg","1,15€",Condimenti e conserve,Frutta conservata
Valfrutta Albicocche Mediterranee 420 g,"9,12 € / Kg","2,19€",Condimenti e conserve,Frutta conservata
Valfrutta Frutta e vai! Esotica con succo di Maracuja 3 x 85 g,"11,73 € / Kg","2,99€",Condimenti e conserve,Frutta conservata
Valfrutta Frutta e vai! Mediterranea con succo di arancia 3 x 135 g,"11,73 € / Kg","2,99€",Condimenti e conserve,Frutta conservata
Valfrutta Prugne 425 g,"5,80 € / Kg","1,45€",Condimenti e conserve,Frutta conservata
Sperlari Mostarda 560 g,"11,16 € / Kg","6,25€",Condimenti e conserve,Frutta conservata
MIRTILLI NATURALI RE PORCINO 200ml,"0,02 € / conf","3,98€",Condimenti e conserve,Frutta conservata
MOST.VERGANI CILIEGIE SNOC.VASO400g,"12,12 € / Kg","4,85€",Condimenti e conserve,Frutta conservata
Rio mare Filetto di Salmone all'Olio Extra Vergine di Oliva Grigliato 125 g,"47,92 € / Kg","5,99€",Condimenti e conserve,Tonno e altro pesce conservato
"Rio mare Insalatissime Insalata di Tonno Delizia di Mais con piselli, carote e olive 2 x 160 g","18,72 € / Kg","5,99€",Condimenti e conserve,Tonno e altro pesce conservato
Tonno all'Olio di Oliva 9 x 80 g Conad,"11,51 € / Kg","6,49€",Condimenti e conserve,Tonno e altro pesce conservato
Filetti di Tonno all'Olio di Oliva 200 g Conad,"22,45 € / Kg","4,49€",Condimenti e conserve,Tonno e altro pesce conservato
Filetti di Tonno all'Olio di Oliva 300 g Conad,"19,97 € / Kg","5,99€",Condimenti e conserve,Tonno e altro pesce conservato
Piacersi Tonno Leggero in una Goccia di Olio di Oliva 4 x 60 g Conad,"16,62 € / Kg","3,99€",Condimenti e conserve,Tonno e altro pesce conservato
Tonno all'olio d'oliva g 160 x 2 Conad,"10,91 € / Kg","3,49€",Condimenti e conserve,Tonno e altro pesce conservato
Tonno all'olio d'oliva g 80 x 4 Conad,"11,09 € / Kg","3,55€",Condimenti e conserve,Tonno e altro pesce conservato
Tonno all'Olio di Oliva 3 x 120 g Conad,"11,92 € / Kg","4,29€",Condimenti e conserve,Tonno e altro pesce conservato
Tonno all'Olio di Oliva 300 g Conad,"12,97 € / Kg","3,89€",Condimenti e conserve,Tonno e altro pesce conservato
Tonno all'Olio di Oliva Pescato a Canna 4 x 80 g Conad,"13,09 € / Kg","4,19€",Condimenti e conserve,Tonno e altro pesce conservato
Maruzzella Tonno all'Olio d'Oliva 3 x 80 g,12.8 € / Kg,"2,49€",Condimenti e conserve,Tonno e altro pesce conservato
Rio mare Filetti di Tonno all'Olio di Oliva 180 g,32.9 € / Kg,"3,49€",Condimenti e conserve,Tonno e altro pesce conservato
Angelo Parodi Trancio di tonno in olio d'oliva 180 g,"28,83 € / Kg","5,19€",Condimenti e conserve,Tonno e altro pesce conservato
Asdomar Filetti di Tonno all'olio di oliva 250 g,"31,96 € / Kg","7,99€",Condimenti e conserve,Tonno e altro pesce conservato
Asdomar Tonno all'olio di oliva 3 x 80 g,"18,71 € / Kg","4,49€",Condimenti e conserve,Tonno e altro pesce conservato
Asdomar Tonno trancio intero all'olio di oliva 2 x 100 g,"24,45 € / Kg","4,89€",Condimenti e conserve,Tonno e altro pesce conservato
Callipo Filetti di Tonno all'olio di oliva 174 g,"44,20 € / Kg","7,69€",Condimenti e conserve,Tonno e altro pesce conservato
Callipo Filetti di Tonno all'olio extravergine di oliva olio Biologico 174 g,"44,20 € / Kg","7,69€",Condimenti e conserve,Tonno e altro pesce conservato
Callipo Filetti di Ventresca di tonno all'olio di oliva 200 g,"39,95 € / Kg","7,99€",Condimenti e conserve,Tonno e altro pesce conservato
Consorcio Filetti di Tonno in olio di oliva 180 g,"44,39 € / Kg","7,99€",Condimenti e conserve,Tonno e altro pesce conservato
Consorcio Tonno in olio di oliva 111 g,"39,55 € / Kg","4,39€",Condimenti e conserve,Tonno e altro pesce conservato
Mareblu Tonno all'Olio d'Oliva 4 x 60 g,"16,62 € / Kg","3,99€",Condimenti e conserve,Tonno e altro pesce conservato
Maruzzella Filetti di Tonno all'Olio di Oliva lavorati a mano 400 g,"19,75 € / Kg","7,90€",Condimenti e conserve,Tonno e altro pesce conservato
Nostromo Basso in Sale Tonno all'Olio Extravergine di Oliva 3 x 70 g,"19,95 € / Kg","4,19€",Condimenti e conserve,Tonno e altro pesce conservato
Nostromo Tonno all'Olio di Oliva 3 x 70 g,"16,62 € / Kg","3,49€",Condimenti e conserve,Tonno e altro pesce conservato
Nostromo Tonno Pinne Gialle all'Olio di Oliva ApriGirafacile 4  x 65 g,"19,19 € / Kg","4,99€",Condimenti e conserve,Tonno e altro pesce conservato
Palmera Tonno all'Olio di Oliva 12 x 80 g,"17,18 € / Kg","16,49€",Condimenti e conserve,Tonno e altro pesce conservato
Rio mare filod'olio Tonno all'Olio di Oliva 4 x 65 g,"23,65 € / Kg","6,15€",Condimenti e conserve,Tonno e altro pesce conservato
Rio Mare Tonno all'Olio di Oliva 2 x 160 g,"18,72 € / Kg","5,99€",Condimenti e conserve,Tonno e altro pesce conservato
Rio mare Tonno all'Olio di Oliva 240 g,"19,12 € / Kg","4,59€",Condimenti e conserve,Tonno e altro pesce conservato
Rio Mare Tonno all'Olio di Oliva 4 x 120 g,"16,77 € / Kg","8,05€",Condimenti e conserve,Tonno e altro pesce conservato
Rio mare Tonno all'Olio di Oliva 4 x 80 g,"18,72 € / Kg","5,99€",Condimenti e conserve,Tonno e altro pesce conservato
Rio mare Tonno all'Olio di Oliva 7 x 80 g,"22,32 € / Kg","12,50€",Condimenti e conserve,Tonno e altro pesce conservato
Rio mare Tonno all'Olio di Oliva Pescato a Canna 3 1 x 80 g,"19,53 € / Kg","6,25€",Condimenti e conserve,Tonno e altro pesce conservato
Rio mare Tonno all'Olio Extra Vergine di Oliva 4 x 80 g,"19,38 € / Kg","6,20€",Condimenti e conserve,Tonno e altro pesce conservato
Rio mare Tonno all'Olio Extra Vergine di Oliva Leggero 4 x 60 g,"24,54 € / Kg","5,89€",Condimenti e conserve,Tonno e altro pesce conservato
Filetti di Alici all'Olio di Oliva 150 g Conad,"23,93 € / Kg","3,59€",Condimenti e conserve,Tonno e altro pesce conservato
Filetti di Alici all'Olio di Oliva 230 g Conad,"30,35 € / Kg","6,98€",Condimenti e conserve,Tonno e altro pesce conservato
Filetti di Alici all'Olio di Oliva 46 g Conad,"40,22 € / Kg","1,85€",Condimenti e conserve,Tonno e altro pesce conservato
Filetti di Alici all'Olio di Oliva 90 g Conad,"27,67 € / Kg","2,49€",Condimenti e conserve,Tonno e altro pesce conservato
Filetti di Alici all'Olio di Oliva Arrotolati con Cappero 90 g Conad,"27,67 € / Kg","2,49€",Condimenti e conserve,Tonno e altro pesce conservato
Filetti di Alici di Sicilia all'olio di oliva 156 g Sapori & Dintorni Conad,"31,99 € / Kg","4,99€",Condimenti e conserve,Tonno e altro pesce conservato
Filetti di Sgombro al Naturale 125 g Conad,"14,32 € / Kg","1,79€",Condimenti e conserve,Tonno e altro pesce conservato
Filetti di Sgombro all'Olio di Oliva 125 g Conad,"14,32 € / Kg","1,79€",Condimenti e conserve,Tonno e altro pesce conservato
Filetti di Sgombro all'Olio di Oliva 250 g Conad,"17,16 € / Kg","4,29€",Condimenti e conserve,Tonno e altro pesce conservato
Filetti di Sgombro Grigliati al Naturale 120 g Conad,"16,25 € / Kg","1,95€",Condimenti e conserve,Tonno e altro pesce conservato
Filetti di Sgombro Grigliati all'Olio Extra Vergine di Oliva (10%) 120 g Conad,"16,25 € / Kg","1,95€",Condimenti e conserve,Tonno e altro pesce conservato
Filetto di Salmone al Naturale 150 g Conad,"24,33 € / Kg","3,65€",Condimenti e conserve,Tonno e altro pesce conservato
Filetto di Salmone all'Olio di Oliva (19%) 150 g Conad,"24,33 € / Kg","3,65€",Condimenti e conserve,Tonno e altro pesce conservato
Gamberetti al Naturale 140 g Conad,"32,50 € / Kg","4,55€",Condimenti e conserve,Tonno e altro pesce conservato
SAPORI & IDEE CONAD Filetti di Alici del Mar Cantabrico in Olio di Oliva 80 g,"78,62 € / Kg","6,29€",Condimenti e conserve,Tonno e altro pesce conservato
Sardine Portoghesi all'Olio di Oliva 125 g Conad,"10,00 € / Kg","1,25€",Condimenti e conserve,Tonno e altro pesce conservato
Vongole del Pacifico al Naturale 200 g Conad,"12,45 € / Kg","2,49€",Condimenti e conserve,Tonno e altro pesce conservato
Vongole del Pacifico alla Pescatora 130 g Conad,"15,31 € / Kg","1,99€",Condimenti e conserve,Tonno e altro pesce conservato
Angelo Parodi Filetti di acciughe Mar Cantabrico in Olio d'Oliva 100 g,59.4 € / Kg,"4,99€",Condimenti e conserve,Tonno e altro pesce conservato
Asdomar Filetti di Sgombro all'olio di oliva (34%) 250 g,27.6 € / Kg,"4,69€",Condimenti e conserve,Tonno e altro pesce conservato
Delicius Cantabrico Filetti di Alici in olio di oliva 100 g,"61,90 € / Kg","6,19€",Condimenti e conserve,Tonno e altro pesce conservato
Delicius Filetti di Alici in olio di oliva (43%) 90 g,"45,56 € / Kg","4,10€",Condimenti e conserve,Tonno e altro pesce conservato
Delicius Filetti di Alici in olio di oliva (46%) 58 g,"53,28 € / Kg","3,09€",Condimenti e conserve,Tonno e altro pesce conservato
Delicius Filetti di Alici in olio di oliva 46 g,"51,09 € / Kg","2,35€",Condimenti e conserve,Tonno e altro pesce conservato
Delicius Filetti di Alici in salsa piccante 50 g,"55,80 € / Kg","2,79€",Condimenti e conserve,Tonno e altro pesce conservato
Delicius Filetti di Sgombro al naturale 125 g,"17,52 € / Kg","2,19€",Condimenti e conserve,Tonno e altro pesce conservato
Delicius Filetti di Sgombro all'olio di oliva 125 g,"17,52 € / Kg","2,19€",Condimenti e conserve,Tonno e altro pesce conservato
Nostromo Filetti di Sgombro all'Olio di Oliva (32%) 120 g,"19,08 € / Kg","2,29€",Condimenti e conserve,Tonno e altro pesce conservato
Nostromo Sardine all'Olio di Oliva 120 g,"12,42 € / Kg","1,49€",Condimenti e conserve,Tonno e altro pesce conservato
Rio Mare Filetti di Sgombro all'olio di oliva 125 g,"20,00 € / Kg","2,50€",Condimenti e conserve,Tonno e altro pesce conservato
Rio mare Filetti di Sgombro all'Olio Extra Vergine di Oliva Grigliati 120 g,"24,92 € / Kg","2,99€",Condimenti e conserve,Tonno e altro pesce conservato
Rio mare Filetti di Sgombro Grigliati al Naturale 120 g,"24,92 € / Kg","2,99€",Condimenti e conserve,Tonno e altro pesce conservato
Rio mare Filetto di Salmone al Naturale al Vapore 150 g,"34,60 € / Kg","5,19€",Condimenti e conserve,Tonno e altro pesce conservato
Rio mare Filetto di Salmone all'Olio di Oliva al Vapore 150 g,"34,60 € / Kg","5,19€",Condimenti e conserve,Tonno e altro pesce conservato
Rizzoli Alici in Salsa Piccante 90 g,"59,89 € / Kg","5,39€",Condimenti e conserve,Tonno e altro pesce conservato
Rizzoli Filetti di Alici in olio di oliva 90 g,"47,78 € / Kg","4,30€",Condimenti e conserve,Tonno e altro pesce conservato
Rizzoli Filetti di Sgombro in olio di oliva 90 g,"21,67 € / Kg","1,95€",Condimenti e conserve,Tonno e altro pesce conservato
Rizzoli Filetti di Sgombro ricetta piccante 90 g,"26,56 € / Kg","2,39€",Condimenti e conserve,Tonno e altro pesce conservato
Rizzoli le Rizzoline Alici in Salsa Piccante 52 g,"47,88 € / Kg","2,49€",Condimenti e conserve,Tonno e altro pesce conservato
Rizzoli le Rizzoline Filetti di alici in olio di oliva 48 g,"51,88 € / Kg","2,49€",Condimenti e conserve,Tonno e altro pesce conservato
Le Insalate di Tonno Mais e Tonno 2 x 160 g Conad,"11,22 € / Kg","3,59€",Condimenti e conserve,Tonno e altro pesce conservato
Le Insalate di Tonno Messicana e Tonno 2 x 160 g Conad,"11,22 € / Kg","3,59€",Condimenti e conserve,Tonno e altro pesce conservato
Le Ricette di Tonno Fagioli e Tonno 2 x 160 g Conad,"8,09 € / Kg","2,59€",Condimenti e conserve,Tonno e altro pesce conservato
Le Ricette di Tonno Piselli e Tonno 2 x 160 g Conad,"8,09 € / Kg","2,59€",Condimenti e conserve,Tonno e altro pesce conservato
"Rio mare Insalatissime Insalata di Tonno Fagioli con carote, peperoni e olive 2 x 160 g","18,72 € / Kg","5,99€",Condimenti e conserve,Tonno e altro pesce conservato
"Rio mare Insalatissime Insalata di Tonno Messicana con fagioli rossi, mais e peperoni 2 x 160 g","18,72 € / Kg","5,99€",Condimenti e conserve,Tonno e altro pesce conservato
"Rio mare Insalatissime Insalata di Tonno Orzo e Farro con carote, peperoni e mais 2 x 160 g","18,72 € / Kg","5,99€",Condimenti e conserve,Tonno e altro pesce conservato
Rio mare Tonno per Pasta alla Puttanesca 2 x 160 g,"18,72 € / Kg","5,99€",Condimenti e conserve,Tonno e altro pesce conservato
Filetti di Tonno al Naturale 200 g Conad,"22,45 € / Kg","4,49€",Condimenti e conserve,Tonno e altro pesce conservato
Tonno al Naturale 2 x 160 g Conad,"10,59 € / Kg","3,39€",Condimenti e conserve,Tonno e altro pesce conservato
Tonno al Naturale 3 x 80 g Conad,"10,62 € / Kg","2,55€",Condimenti e conserve,Tonno e altro pesce conservato
Callipo Filetti di Tonno al naturale in acqua di mare Aquamaris 174 g,"44,20 € / Kg","7,69€",Condimenti e conserve,Tonno e altro pesce conservato
Consorcio Filetti di Tonno al naturale 180 g,"44,39 € / Kg","7,99€",Condimenti e conserve,Tonno e altro pesce conservato
Rio mare Tonno al Naturale 4 x 56 g,"21,38 € / Kg","4,79€",Condimenti e conserve,Tonno e altro pesce conservato
Rio mare Tonno al Naturale 4 x 80 g,"15,47 € / Kg","4,95€",Condimenti e conserve,Tonno e altro pesce conservato
TONNO OLIO OLIVA AURIGA 3x80g,"13,71 € / Kg","3,29€",Condimenti e conserve,Tonno e altro pesce conservato
ACCIUGHE CANTABRICO VASO ORTIZ 95g,"88,42 € / Kg","8,40€",Condimenti e conserve,Tonno e altro pesce conservato
ACCIUGHE OLASAGASTI STESI 320 g,"30,94 € / Kg","9,90€",Condimenti e conserve,Tonno e altro pesce conservato
Carne di Bovino in gelatina 3 x 140 g Conad,"9,50 € / Kg","3,99€",Condimenti e conserve,Preparazione a base di carne
Carne di Bovino in gelatina 3 x 90 g Conad,"11,07 € / Kg","2,99€",Condimenti e conserve,Preparazione a base di carne
Montana Jambonet 200 g,"6,25 € / Kg","1,25€",Condimenti e conserve,Preparazione a base di carne
Simmenthal 3 x 140 g,"15,45 € / Kg","6,49€",Condimenti e conserve,Preparazione a base di carne
Simmenthal 3 x 70 g,"16,14 € / Kg","3,39€",Condimenti e conserve,Preparazione a base di carne
Simmenthal 3 x 90 g,"14,78 € / Kg","3,99€",Condimenti e conserve,Preparazione a base di carne
STRUTTO B.T.BARATTOLO 500g,"7,98 € / Kg","3,99€",Condimenti e conserve,Preparazione a base di carne
Grissini con Fiocchi di Grano e Farro 200 g Sapori & Idee Conad,"6,75 € / Kg","1,35€",Panetteria e snack salati,Grissini
Grissini Kamut biologici 200g Verso Natura Bio Conad,"12,95 € / Kg","2,59€",Panetteria e snack salati,Grissini
Mulino Bianco Sgranocchi Grissini Integrali con Farina Sostenibile 200g,"10,75 € / Kg","2,15€",Panetteria e snack salati,Grissini
Grissini al Sesamo 200 g Sapori & Idee Conad,"9,45 € / Kg","1,89€",Panetteria e snack salati,Grissini
GrissinBon Fagolosi Pizza Mini pack 11 x 15 g,"12,06 € / Kg","1,99€",Panetteria e snack salati,Grissini
GrissinBon Fagolosi Rosmarino 2 x 125 g,"9,60 € / Kg","2,40€",Panetteria e snack salati,Grissini
GrissinBon Fagolosi Rosmarino 480 g,"11,04 € / Kg","5,30€",Panetteria e snack salati,Grissini
Grissini con Olio di Oliva 200 g Sapori & Idee Conad,"6,75 € / Kg","1,35€",Panetteria e snack salati,Grissini
Grissini Friabili 4 Confezioni 250 g Conad,"4,76 € / Kg","1,19€",Panetteria e snack salati,Grissini
Grissini Rubatà 250 g Sapori & Dintorni Conad,"6,76 € / Kg","1,69€",Panetteria e snack salati,Grissini
Grissini Rustici 4 confezioni 300 g Conad,"5,50 € / Kg","1,65€",Panetteria e snack salati,Grissini
GrissinBon Fagolosi Classici 2 x 125 g,"9,96 € / Kg","2,49€",Panetteria e snack salati,Grissini
GrissinBon Fagolosi Classici 480 g,"11,04 € / Kg","5,30€",Panetteria e snack salati,Grissini
GrissinBon Fagolosi Mini Snack Classici 11 x 15 g,"12,06 € / Kg","1,99€",Panetteria e snack salati,Grissini
Monviso èsenza Iposodico Grissini 120 g,"12,08 € / Kg","1,45€",Panetteria e snack salati,Grissini
Mulino Bianco Friabili Grissini Classici con Farina Sostenibile 300g,"5,17 € / Kg","1,55€",Panetteria e snack salati,Grissini
Mulino Bianco Pangrì Grissini con Farina Sostenibile 300g,"5,97 € / Kg","1,79€",Panetteria e snack salati,Grissini
Mulino Bianco Raggianti Grissini con Olio Extra Vergine di Oliva con Farina Sostenibile 230g,"7,61 € / Kg","1,75€",Panetteria e snack salati,Grissini
Mulino Bianco Sgranocchi Grissini con 8 Cereali e Sesamo con Farina Sostenibile 210g,"10,90 € / Kg","2,29€",Panetteria e snack salati,Grissini
Grissini Senza Glutine al sale grosso 100 g Alimentum Conad,"23,90 € / Kg","2,39€",Panetteria e snack salati,Grissini
"Cèrèal senza glutine Mini Grissini, con Fibre, Con olio EVO, Senza olio di palma - 150g","22,67 € / Kg","3,40€",Panetteria e snack salati,Grissini
Grissini Integrali 200 g Sapori & Idee Conad,"6,75 € / Kg","1,35€",Panetteria e snack salati,Grissini
GrissinBon Fagolosi Mix di Cereali Mini pack 11 x 15 g,"12,06 € / Kg","1,99€",Panetteria e snack salati,Grissini
Mulino Bianco Pangrì Grissini Integrali con Farina Sostenibile 250g,"6,80 € / Kg","1,70€",Panetteria e snack salati,Grissini
Grissini Torinesi 300 g.  (6 confezioni singole) Conad,"5,63 € / Kg","1,69€",Panetteria e snack salati,Grissini
Mulino Bianco Torinesi Grissini Croccanti Stirati con Farina Sostenibile 280g,"6,39 € / Kg","1,79€",Panetteria e snack salati,Grissini
GRISS.BIRRINI VALLEDORO 240g,"8,29 € / Kg","1,99€",Panetteria e snack salati,Grissini
GRISSINI RUSTICI VALLEDORO 300g,"5,83 € / Kg","1,75€",Panetteria e snack salati,Grissini
GRISSINI SESAMO PRATO 250g,"13,56 € / Kg","3,39€",Panetteria e snack salati,Grissini
SALTELLI RISTORANTE VALLEDORO 240g,"8,96 € / Kg","2,15€",Panetteria e snack salati,Grissini
Cracker con riso e mais 6 confezioni 240 g Alimentum Senza Glutine Conad,"8,12 € / Kg","1,95€",Panetteria e snack salati,Crackers e gallette
Riso Scotti i Bio Leggeri** Crackers 100% Riso* 200 g,"10,25 € / Kg","2,05€",Panetteria e snack salati,Crackers e gallette
CONAD VERSO NATURA Gallette di Mais Biologiche 150 g,"9,93 € / Kg","1,49€",Panetteria e snack salati,Crackers e gallette
CONAD VERSO NATURA Gallette di Riso Biologiche 150 g,"8,60 € / Kg","1,29€",Panetteria e snack salati,Crackers e gallette
CONAD VERSO NATURA Sfoglie di Riso e Mais Biologiche 10 Confezioni 200 g,"9,95 € / Kg","1,99€",Panetteria e snack salati,Crackers e gallette
Gallette di Farro g.  120 Verso Natura Bio,"12,42 € / Kg","1,49€",Panetteria e snack salati,Crackers e gallette
Gallette di Grano Saraceno Biologiche 100 g Verso Natura Bio Conad,"19,90 € / Kg","1,99€",Panetteria e snack salati,Crackers e gallette
Triangoli ai legumi 70g Verso Natura Bio Conad,"18,43 € / Kg","1,29€",Panetteria e snack salati,Crackers e gallette
Triangoli al riso nero 70g Verso Natura Bio Conad,"18,43 € / Kg","1,29€",Panetteria e snack salati,Crackers e gallette
Triangoli di Mais al Sale Marino Biologici 90 g Verso Natura Bio Conad,"14,33 € / Kg","1,29€",Panetteria e snack salati,Crackers e gallette
Riso Scotti le Bio Croccanti Risette 100% Riso* 150 g,9.8 € / Kg,"1,03€",Panetteria e snack salati,Crackers e gallette
Riso Scotti le Bio Croccanti Risette Basmati con Riso Venere e Riso Rosso 120 g,14.9 € / Kg,"1,43€",Panetteria e snack salati,Crackers e gallette
Riso Scotti le Bio Croccanti Risette Multicereale con Quinoa 130 g,14.5 € / Kg,"1,28€",Panetteria e snack salati,Crackers e gallette
Riso Scotti le Bio Croccanti Risette Riso e Mais 150 g,12.5 € / Kg,"1,43€",Panetteria e snack salati,Crackers e gallette
"Doria Semplicissimi Legumi e Riso con Ceci, Fagioli e Soia Edamame 60 g","29,17 € / Kg","1,75€",Panetteria e snack salati,Crackers e gallette
"Doria Semplicissimi Legumi e Riso con Ceci, Lenticchie e Piselli 60 g","29,17 € / Kg","1,75€",Panetteria e snack salati,Crackers e gallette
Fiorentini gli Originali Si&No Legumi Bio 80 g,"23,62 € / Kg","1,89€",Panetteria e snack salati,Crackers e gallette
Fiorentini gli Originali Si&No Saraceno Quinoa Amaranto Bio 80 g,"24,38 € / Kg","1,95€",Panetteria e snack salati,Crackers e gallette
Fiorentini le Originali Gallette Bio con Quinoa 120 g,"17,92 € / Kg","2,15€",Panetteria e snack salati,Crackers e gallette
Fiorentini le Originali Gallette Bio di Mais 120 g,"14,08 € / Kg","1,69€",Panetteria e snack salati,Crackers e gallette
Fiorentini Si&No Mais Bio 6 x 20 g,"19,58 € / Kg","2,35€",Panetteria e snack salati,Crackers e gallette
Matt non solo pane Le Mais bio 130 g,"13,77 € / Kg","1,79€",Panetteria e snack salati,Crackers e gallette
CONAD Cracker con Pomodoro 10 x 25 g,"5,16 € / Kg","1,29€",Panetteria e snack salati,Crackers e gallette
Crackers con olio extravergine di oliva e rosmarino 250 g. Conad,"4,76 € / Kg","1,19€",Panetteria e snack salati,Crackers e gallette
Gran Pavesi il Cracker Pomodoro 280g,"7,11 € / Kg","1,99€",Panetteria e snack salati,Crackers e gallette
Tuc Cracker con Pomodoro e Grana Padano cotto al forno - 250 g,"8,36 € / Kg","2,09€",Panetteria e snack salati,Crackers e gallette
Tuc Cracker con Rosmarino ed Erbe Aromatiche cotto al forno - 250g,"8,36 € / Kg","2,09€",Panetteria e snack salati,Crackers e gallette
Cracker Salati 20 confezioni 500 g Conad,"2,58 € / Kg","1,29€",Panetteria e snack salati,Crackers e gallette
Cracker Salati Senza Granelli di Sale in Superficie 20 x 25 g Conad,"2,58 € / Kg","1,29€",Panetteria e snack salati,Crackers e gallette
Cracker senza lievito g. 300 Piacersi Conad,"5,50 € / Kg","1,65€",Panetteria e snack salati,Crackers e gallette
Gran Pavesi il Cracker Salato con Grano 100% italiano 560g,3.8 € / Kg,"1,59€",Panetteria e snack salati,Crackers e gallette
Gran Pavesi il Cracker Salato Senza Granelli di Sale in Superficie 560 g,3.8 € / Kg,"1,59€",Panetteria e snack salati,Crackers e gallette
Doria Cracker Doriano con Sale Iodato sacco 700 g,"3,41 € / Kg","2,39€",Panetteria e snack salati,Crackers e gallette
Doria Cracker Doriano Ridotto Sale sacco 700 g,"3,41 € / Kg","2,39€",Panetteria e snack salati,Crackers e gallette
Mulino Bianco Cracker non Salati con farina sostenibile 500g,"3,98 € / Kg","1,99€",Panetteria e snack salati,Crackers e gallette
Mulino Bianco Cracker Salati con Farina Sostenibile 500g,"3,98 € / Kg","1,99€",Panetteria e snack salati,Crackers e gallette
Tuc Cracker Classico cotto al forno - 250g,"8,36 € / Kg","2,09€",Panetteria e snack salati,Crackers e gallette
Crackers Kamut Biologici 250 g Verso Natura Bio Conad,9.5 € / Kg,"1,99€",Panetteria e snack salati,Crackers e gallette
Cracker con Riso Soffiato Integrale 10 Confezioni 300 g Piacersi Conad,"6,17 € / Kg","1,85€",Panetteria e snack salati,Crackers e gallette
Cracker Integrali 10 Confezioni 400 g Conad,"3,72 € / Kg","1,49€",Panetteria e snack salati,Crackers e gallette
Crackers con riso soffiato g. 300 Piacersi Conad,"5,30 € / Kg","1,59€",Panetteria e snack salati,Crackers e gallette
"Céréal, Fette Proteiche ai Legumi, Integrali, Senza Glutine, Senza Lievito, Ricche di Fibre - 100 g","19,90 € / Kg","1,99€",Panetteria e snack salati,Crackers e gallette
Doria Cracker Doriano Integrale sacco 700 g,"3,41 € / Kg","2,39€",Panetteria e snack salati,Crackers e gallette
Doria Semplicissimi Crackers Grano Saraceno e Semi di Chia - 245 g,"6,90 € / Kg","1,69€",Panetteria e snack salati,Crackers e gallette
Doria Semplicissimi Crackers Riso Nero e Semi di Lino - 245 g,"6,90 € / Kg","1,69€",Panetteria e snack salati,Crackers e gallette
Galbusera BelleBuone il Cracker che non c'era 5 Cereali 5 x 40 g,"14,95 € / Kg","2,99€",Panetteria e snack salati,Crackers e gallette
Galbusera BelleBuone il Cracker che non c'era Avena e Mix di Semi 5 x 40 g,"14,95 € / Kg","2,99€",Panetteria e snack salati,Crackers e gallette
"Galbusera BuoniCosì Senza Lieviti con Farina di Mais e Orzo 7 x 42,8 g","7,30 € / Kg","2,19€",Panetteria e snack salati,Crackers e gallette
"Galbusera Buonpertutti con Farine di Legumi Biologici con Farina Tipo 2,Semi di Sesamo,Lino 6 x 40 g","9,12 € / Kg","2,19€",Panetteria e snack salati,Crackers e gallette
"Galbusera Mais i Fragranti con Farina e Solo Olio di Mais 12 x 33,3 g","5,48 € / Kg","2,19€",Panetteria e snack salati,Crackers e gallette
"Galbusera RisosuRiso Croccantezza Integrale! 12 x 31,7 g","7,34 € / Kg","2,79€",Panetteria e snack salati,Crackers e gallette
Galbusera RisosuRiso Leggeri e croccanti con Riso Soffiato Italiano 10 x 38 g,"6,32 € / Kg","2,40€",Panetteria e snack salati,Crackers e gallette
Gran Pavesi il Cracker Mais con Mais e Grano 100% Italiani 280g,"6,39 € / Kg","1,79€",Panetteria e snack salati,Crackers e gallette
Misura Fibrextra Crackers Integrali 385 g,"6,21 € / Kg","2,39€",Panetteria e snack salati,Crackers e gallette
"Misura Multicereali Cereali Antichi Crackers Farro, Grano Saraceno e Quinoa 350 g","6,83 € / Kg","2,39€",Panetteria e snack salati,Crackers e gallette
Misura Protein Crackers con Soia 400 g,"5,98 € / Kg","2,39€",Panetteria e snack salati,Crackers e gallette
Mulino Bianco Cracker Integrali con Farina Sostenibile Ricchi di Fibre 500g,"3,98 € / Kg","1,99€",Panetteria e snack salati,Crackers e gallette
"Riso Scotti Si con Riso Senza Lattosio Fibra Più Fibra Crackers con farina integrale 8 x 31,25 g","11,16 € / Kg","2,79€",Panetteria e snack salati,Crackers e gallette
Wasa Chruncy Twist Cracker con Farina Integrale di Avena e Fiocchi d'Avena 265g,"10,91 € / Kg","2,89€",Panetteria e snack salati,Crackers e gallette
Wasa Fit 275g,"10,15 € / Kg","2,79€",Panetteria e snack salati,Crackers e gallette
Wasa Integrale 270g,"8,85 € / Kg","2,39€",Panetteria e snack salati,Crackers e gallette
Wasa Original Cracker con 100% Farina di Segale Ricchi di Fibre 275g,"8,69 € / Kg","2,39€",Panetteria e snack salati,Crackers e gallette
GALL.MAIS/LEG.S/GLUBIO SARCHIO 100g,"21,90 € / Kg","2,19€",Panetteria e snack salati,Crackers e gallette
GALL.RIS.ROSSO S/GLUBIOSARCHIO 100g,"19,50 € / Kg","1,95€",Panetteria e snack salati,Crackers e gallette
GALL.RISO QUINOA BIO S/G SARCH.100g,"17,90 € / Kg","1,79€",Panetteria e snack salati,Crackers e gallette
GALL.SESAMO BIO S/GL SARCHIO 100g,"17,40 € / Kg","1,74€",Panetteria e snack salati,Crackers e gallette
GALLET.RISO S/S.BIO S/GL SARCH.100g,"15,90 € / Kg","1,59€",Panetteria e snack salati,Crackers e gallette
GALLETTE MAIS CIOC.F.VITALDAY 5x20g,"14,90 € / Kg","1,49€",Panetteria e snack salati,Crackers e gallette
Patatine 150 g - (25 g x 6) Conad,"13,27 € / Kg","1,99€",Panetteria e snack salati,Snack e patatine
Patatine Casarecce 130 g Conad,"9,92 € / Kg","1,29€",Panetteria e snack salati,Snack e patatine
Patatine Caserecce al Rosmarino 130 g Conad,"9,92 € / Kg","1,29€",Panetteria e snack salati,Snack e patatine
Patatine Caserecce Gusto Barbecue 130 g Conad,"9,92 € / Kg","1,29€",Panetteria e snack salati,Snack e patatine
Patatine Classiche 100 g Conad,"7,90 € / Kg","0,79€",Panetteria e snack salati,Snack e patatine
Patatine Classiche 200 g Conad,"6,45 € / Kg","1,29€",Panetteria e snack salati,Snack e patatine
Patatine Classiche 400 g Conad,"5,72 € / Kg","2,29€",Panetteria e snack salati,Snack e patatine
Patatine Gusto Paprika 150 g Conad,"9,27 € / Kg","1,39€",Panetteria e snack salati,Snack e patatine
Patatine gusto pepe rosa e lime g 150 Conad,"9,27 € / Kg","1,39€",Panetteria e snack salati,Snack e patatine
Patatine gusto pomodorini g 150 Conad,"9,27 € / Kg","1,39€",Panetteria e snack salati,Snack e patatine
Patatine Rustiche 150 g - (6 x 25 g) Conad,"16,60 € / Kg","2,49€",Panetteria e snack salati,Snack e patatine
Patatine Rustiche 180 g Conad,"8,28 € / Kg","1,49€",Panetteria e snack salati,Snack e patatine
Pata La Patatina Metodo Artigianale 150 g,11.0 € / Kg,"1,35€",Panetteria e snack salati,Snack e patatine
Pata la Patatina Metodo Artigianale al Rosmarino 150 g,11.0 € / Kg,"1,35€",Panetteria e snack salati,Snack e patatine
San Carlo piùgusto Vivace 150 g,9.9 € / Kg,"1,19€",Panetteria e snack salati,Snack e patatine
Amica Chips Eldorada con Olio di Oliva 130 g,"10,38 € / Kg","1,35€",Panetteria e snack salati,Snack e patatine
Amica Chips Eldorada Grigliata 130 g,"10,38 € / Kg","1,35€",Panetteria e snack salati,Snack e patatine
Amica Chips Eldorada Tradizionale 130 g,"10,38 € / Kg","1,35€",Panetteria e snack salati,Snack e patatine
Amica Chips Originale Patatine Gusto Classico 6 x 25 g,"11,27 € / Kg","1,69€",Panetteria e snack salati,Snack e patatine
Lay's Classiche 145 g,"10,28 € / Kg","1,49€",Panetteria e snack salati,Snack e patatine
Lay's Xtra Gusto Barbecue 110 g,"13,55 € / Kg","1,49€",Panetteria e snack salati,Snack e patatine
San Carlo 1936 150 g,"12,60 € / Kg","1,89€",Panetteria e snack salati,Snack e patatine
San Carlo 1936 250 g,"12,20 € / Kg","3,05€",Panetteria e snack salati,Snack e patatine
San Carlo 1936 Antica Ricetta 6 x 25 g,"17,93 € / Kg","2,69€",Panetteria e snack salati,Snack e patatine
San Carlo 1936 il Cartoccio 170 g,"15,24 € / Kg","2,59€",Panetteria e snack salati,Snack e patatine
San Carlo classica 190 g,"11,32 € / Kg","2,15€",Panetteria e snack salati,Snack e patatine
San Carlo classica 300 g,"10,30 € / Kg","3,09€",Panetteria e snack salati,Snack e patatine
San Carlo classica 6 x 25 g,"15,00 € / Kg","2,25€",Panetteria e snack salati,Snack e patatine
San Carlo grill 180 g,"9,39 € / Kg","1,69€",Panetteria e snack salati,Snack e patatine
San Carlo Highlander Gusto Pomodoro 130 g,"13,85 € / Kg","1,80€",Panetteria e snack salati,Snack e patatine
San Carlo Junior Patatine Senza Glutine Miraculous 30 g,"26,00 € / Kg","0,78€",Panetteria e snack salati,Snack e patatine
San Carlo light 75 g,"9,60 € / Kg","0,72€",Panetteria e snack salati,Snack e patatine
San Carlo rustica 190 g,"11,53 € / Kg","2,19€",Panetteria e snack salati,Snack e patatine
San Carlo rustica 300 g,"9,97 € / Kg","2,99€",Panetteria e snack salati,Snack e patatine
San Carlo sticki 175 g,"10,23 € / Kg","1,79€",Panetteria e snack salati,Snack e patatine
Mais da Pop Corn per Microonde 3 x 100 g Conad,"14,90 € / Kg","1,49€",Panetteria e snack salati,Snack e patatine
Mais da Popcorn Per Microonde 100 g Conad,"7,00 € / Kg","0,70€",Panetteria e snack salati,Snack e patatine
Mais per Pop Corn 400 g Conad,"3,98 € / Kg","1,59€",Panetteria e snack salati,Snack e patatine
Pop Corn 100 g Conad,"7,50 € / Kg","0,75€",Panetteria e snack salati,Snack e patatine
San Carlo Love Pop 100 g,"16,00 € / Kg","1,60€",Panetteria e snack salati,Snack e patatine
Bastoncini di Patate 6 x 25 g Conad,"13,67 € / Kg","2,05€",Panetteria e snack salati,Snack e patatine
Bianche Sfoglie 130 g Conad,"9,15 € / Kg","1,19€",Panetteria e snack salati,Snack e patatine
Cornetti di Mais Gusto Formaggio 100 g Conad,"7,50 € / Kg","0,75€",Panetteria e snack salati,Snack e patatine
Cracker Snack 100 g Conad,"5,90 € / Kg","0,59€",Panetteria e snack salati,Snack e patatine
Croccantini di Mais al Gusto Formaggio 6 x 25 g Conad,"13,67 € / Kg","2,05€",Panetteria e snack salati,Snack e patatine
Le Sfiziose Gusto Classico 175 g Conad,"11,37 € / Kg","1,99€",Panetteria e snack salati,Snack e patatine
Le Sfiziose gusto Paprika 175 g Conad,"11,37 € / Kg","1,99€",Panetteria e snack salati,Snack e patatine
Le Sfiziose Gusto Sour Cream & Onion 175 g Conad,"11,37 € / Kg","1,99€",Panetteria e snack salati,Snack e patatine
Mini Cracker Dolce e Salato 6 x 40 g Conad,"8,29 € / Kg","1,99€",Panetteria e snack salati,Snack e patatine
Palline di Mais gusto formaggio g 100 Conad,"7,50 € / Kg","0,75€",Panetteria e snack salati,Snack e patatine
Pane Azzimo g 200 Verso Natura Bio Conad,"10,45 € / Kg","2,09€",Panetteria e snack salati,Snack e patatine
Pane Carasau 500 g Conad,"9,30 € / Kg","4,65€",Panetteria e snack salati,Snack e patatine
Petali di Patate 6 x 25 g Conad,"13,67 € / Kg","2,05€",Panetteria e snack salati,Snack e patatine
Riccioli di Mais 85 g Conad,"8,82 € / Kg","0,75€",Panetteria e snack salati,Snack e patatine
Salatini Mix 400 g Conad,"5,72 € / Kg","2,29€",Panetteria e snack salati,Snack e patatine
Snack di Riso Gusto Piccante 60 g Conad,"11,50 € / Kg","0,69€",Panetteria e snack salati,Snack e patatine
Sticks 100 g Conad,"6,50 € / Kg","0,65€",Panetteria e snack salati,Snack e patatine
Tortillas di Mais 200 g Conad,"7,45 € / Kg","1,49€",Panetteria e snack salati,Snack e patatine
Pringles Emmental 175 g,15.6 € / Kg,"2,35€",Panetteria e snack salati,Snack e patatine
Pringles Hot & Spicy 175 g,15.6 € / Kg,"2,35€",Panetteria e snack salati,Snack e patatine
Pringles Original 175 g,15.6 € / Kg,"2,35€",Panetteria e snack salati,Snack e patatine
Pringles Paprika 175 g,15.6 € / Kg,"2,35€",Panetteria e snack salati,Snack e patatine
Pringles Sour Cream & Onion 175 g,15.6 € / Kg,"2,35€",Panetteria e snack salati,Snack e patatine
Amica Chips Señorita Tortilla al Gusto Nacho Cheese 185 g,"8,59 € / Kg","1,59€",Panetteria e snack salati,Snack e patatine
Amica Chips Señorita Tortilla Classica 200 g,"7,95 € / Kg","1,59€",Panetteria e snack salati,Snack e patatine
Amica Chips Señorita Tortilla Tonda 185 g,"8,59 € / Kg","1,59€",Panetteria e snack salati,Snack e patatine
Cameo Snack Friends Gran Festa 175 g,"10,00 € / Kg","1,75€",Panetteria e snack salati,Snack e patatine
Cameo Snack Friends Maxi Cocktail 300 g,"8,30 € / Kg","2,49€",Panetteria e snack salati,Snack e patatine
Cameo Snack Friends Sticks & Bretzel 300 g,"6,83 € / Kg","2,05€",Panetteria e snack salati,Snack e patatine
Cameo Snack Friends Sticks 100 g,"7,80 € / Kg","0,78€",Panetteria e snack salati,Snack e patatine
Casa Modena Teneroni la Merenda Dischetti al Prosciutto Cotto e Crostini 170 g,"9,71 € / Kg","1,65€",Panetteria e snack salati,Snack e patatine
Casa Modena Teneroni la Merenda Mini Baguette con Prosciutto Crudo e Formaggio 170 g,"10,88 € / Kg","1,85€",Panetteria e snack salati,Snack e patatine
Cipster The Original Chips di Patate 6 Bustine - 132g,"16,59 € / Kg","2,19€",Panetteria e snack salati,Snack e patatine
Cipster The Original Chips di Patate Astuccio - 85g,"14,71 € / Kg","1,25€",Panetteria e snack salati,Snack e patatine
Citterio un due tris! Prosciutto Cotto con Formaggio e Crostini 100 g,"19,00 € / Kg","1,90€",Panetteria e snack salati,Snack e patatine
"Citterio un due tris! Salame, con Formaggio e Crostini 100 g","19,50 € / Kg","1,95€",Panetteria e snack salati,Snack e patatine
Doritos Tex-Mex Gusto Formaggio 140 g,"16,07 € / Kg","2,25€",Panetteria e snack salati,Snack e patatine
Fonzies 100g - Italia,"13,50 € / Kg","1,35€",Panetteria e snack salati,Snack e patatine
Fonzies Multipack 9 buste 212g,"13,66 € / Kg","2,89€",Panetteria e snack salati,Snack e patatine
Fratelli Beretta SalaMini Snack Salamini Classici & Taralli 60 g,"35,83 € / Kg","2,15€",Panetteria e snack salati,Snack e patatine
Galbusera Trà 10 x 25 g,"7,56 € / Kg","1,89€",Panetteria e snack salati,Snack e patatine
Kiri Dippi Formaggio cremoso e grissini croccanti 3 x 35 g,"26,57 € / Kg","2,79€",Panetteria e snack salati,Snack e patatine
Miniritz Mpk 12 x 240 g,"7,46 € / Kg","1,79€",Panetteria e snack salati,Snack e patatine
Pai cornetti Gusto Formaggio 125 g,"8,72 € / Kg","1,09€",Panetteria e snack salati,Snack e patatine
Parmareggio l'ABC della merenda con Formaggino al Parmigiano Reggiano,"5,59 € / Kg","0,95€",Panetteria e snack salati,Snack e patatine
Parmareggio l'ABC della merenda con Parmigiano Reggiano e Frutta Secca,"7,82 € / Kg","1,29€",Panetteria e snack salati,Snack e patatine
Parmareggio l'ABC della merenda con Parmigiano Reggiano e Taralli Senza Glutine,"8,02 € / Kg","1,30€",Panetteria e snack salati,Snack e patatine
Parmareggio l'ABC Maxi con 25g di Parmigiano Reggiano,"5,96 € / Kg","1,49€",Panetteria e snack salati,Snack e patatine
"Parmareggio L'ABC Originale con Parmigiano Reggiano, Grissini, Frullato gusto Pesca","5,86 € / Kg","0,95€",Panetteria e snack salati,Snack e patatine
Pringles Smokey Bacon Flavour 175 g,"15,71 € / Kg","2,75€",Panetteria e snack salati,Snack e patatine
Ritz Original Crackers Maxi Formato - 220g,"8,86 € / Kg","1,95€",Panetteria e snack salati,Snack e patatine
San Carlo Benessere Veggy Good Quadrotti con Carota 70 g,"24,14 € / Kg","1,69€",Panetteria e snack salati,Snack e patatine
San Carlo Benessere Veggy Good Triangolini con Ceci Croccanti 65 g,"26,92 € / Kg","1,75€",Panetteria e snack salati,Snack e patatine
San Carlo Benessere Veggy Good Triangolini con Riso e Tre Legumi 65 g,"26,92 € / Kg","1,75€",Panetteria e snack salati,Snack e patatine
San Carlo Cross 100 g,"13,90 € / Kg","1,39€",Panetteria e snack salati,Snack e patatine
San Carlo Dixi 105 g,"15,24 € / Kg","1,60€",Panetteria e snack salati,Snack e patatine
San Carlo Dixi 6 x 22 g,"14,77 € / Kg","1,95€",Panetteria e snack salati,Snack e patatine
San Carlo Picadora 150 g,"10,60 € / Kg","1,59€",Panetteria e snack salati,Snack e patatine
San Carlo Picadora Tortilla di Mais Giallo Gusto Nacho Cheese 120 g,"16,58 € / Kg","1,99€",Panetteria e snack salati,Snack e patatine
San Carlo Rodeo 120 g,"13,33 € / Kg","1,60€",Panetteria e snack salati,Snack e patatine
San Carlo Virtual 105 g,"14,76 € / Kg","1,55€",Panetteria e snack salati,Snack e patatine
San Carlo Virtual 6 x 22 g,"20,08 € / Kg","2,65€",Panetteria e snack salati,Snack e patatine
Tuc Crisp Sfogliatine Croccanti Original cotte al forno - 100 g,"16,50 € / Kg","1,65€",Panetteria e snack salati,Snack e patatine
Tuc Crisp Sfogliatine Croccanti Paprika cotte al forno - 100 g,"16,50 € / Kg","1,65€",Panetteria e snack salati,Snack e patatine
Tuc Original Biscotti Salati - 100 g,"10,90 € / Kg","1,09€",Panetteria e snack salati,Snack e patatine
Yonkers snack al Formaggio - 100g,"14,90 € / Kg","1,49€",Panetteria e snack salati,Snack e patatine
Taralli pugliesi al Peperoncino 400 g Sapori & Dintorni Conad,"5,62 € / Kg","2,25€",Panetteria e snack salati,Snack e patatine
Taralli pugliesi con Olio Extravergine di Oliva 400 g Sapori & Dintorni Conad,"5,62 € / Kg","2,25€",Panetteria e snack salati,Snack e patatine
Tarallini all'Olio di Oliva 10 x 40 g Conad,"7,22 € / Kg","2,89€",Panetteria e snack salati,Snack e patatine
"Gran Pavesi Snack Tarallini Olio di Oliva ed Extra Vergine, Senza Olio di Palma, 8 Pacchetti 256g","10,35 € / Kg","2,65€",Panetteria e snack salati,Snack e patatine
CORNETTI MAIS PAFFITO SARCHIO 45g,"36,67 € / Kg","1,65€",Panetteria e snack salati,Snack e patatine
RISIBISI CECI BIO VALLEDORO 80g,"22,38 € / Kg","1,79€",Panetteria e snack salati,Snack e patatine
SFOGLIET.CEREALI S/GL.BIO SARC.55g,"30,91 € / Kg","1,70€",Panetteria e snack salati,Snack e patatine
SFOGLIET.VERDURE S/GL.BIO SARC.55g,"30,91 € / Kg","1,70€",Panetteria e snack salati,Snack e patatine
SFOGLIETTE AI CECI SARCHIO 50g,"38,00 € / Kg","1,90€",Panetteria e snack salati,Snack e patatine
SFOGLIETTE LENTICCHIE SARCHIO 50g,"38,00 € / Kg","1,90€",Panetteria e snack salati,Snack e patatine
CT€1 F.DI PUGLIA TARAl. OLIVE 200g,"5,00 € / Kg","1,00€",Panetteria e snack salati,Snack e patatine
CT€1 F.DI PUGLIA TARAL.CLASSICI200g,"5,00 € / Kg","1,00€",Panetteria e snack salati,Snack e patatine
CT€1 F.DI PUGLIA TARAL.FINOCCH.200g,"5,00 € / Kg","1,00€",Panetteria e snack salati,Snack e patatine
CT€1 F.DI PUGLIA TARAL.INTEG.200g,"5,00 € / Kg","1,00€",Panetteria e snack salati,Snack e patatine
TARALLI TRAD.O/OLIVA FIORE 400g,"5,48 € / Kg","2,19€",Panetteria e snack salati,Snack e patatine
CONAD Profumo di Forno Focaccia alla genovese con Olive 170 g,"11,71 € / Kg","1,99€",Panetteria e snack salati,"Pizza, focacce e piadine"
Alimentum Senza Glutine Piadina con olio extra vergine d'oliva 2 x 100 g Conad,"12,95 € / Kg","2,59€",Panetteria e snack salati,"Pizza, focacce e piadine"
Bio Sfogliata Kamut Biologica 225 g Verso Natura Bio Conad,"9,29 € / Kg","2,09€",Panetteria e snack salati,"Pizza, focacce e piadine"
Piadina Romagnola IGP alla Riminese 3 pezzi 360 g Sapori e Dintorni Conad,"5,83 € / Kg","2,10€",Panetteria e snack salati,"Pizza, focacce e piadine"
Piadina Romagnola IGP alla Riminese 5 pezzi 600 g Sapori & Dintorni Conad,"4,82 € / Kg","2,89€",Panetteria e snack salati,"Pizza, focacce e piadine"
Sfogliata con Farina Integrale 225g Conad,"7,07 € / Kg","1,59€",Panetteria e snack salati,"Pizza, focacce e piadine"
Sfogliata con olio extravergine di oliva g. 300 Conad,"5,50 € / Kg","1,65€",Panetteria e snack salati,"Pizza, focacce e piadine"
Sfogliata Tradizionale 3 x 130 g Conad,"4,23 € / Kg","1,65€",Panetteria e snack salati,"Pizza, focacce e piadine"
Casa della Piada la Sfogliata Tradizionale Formato Maxi XL 3 Piadine 390 g,"6,13 € / Kg","2,39€",Panetteria e snack salati,"Pizza, focacce e piadine"
Casa della Piada Piadina Romagnola IGP alla Riminese all'olio extravergine di oliva 7% 3 Pezzi 350 g,"4,54 € / Kg","1,59€",Panetteria e snack salati,"Pizza, focacce e piadine"
Loriana Arrotolabile 4 piadine 300 g,"7,30 € / Kg","2,19€",Panetteria e snack salati,"Pizza, focacce e piadine"
Mulino Bianco Gran Piadelle 375g,"7,44 € / Kg","2,79€",Panetteria e snack salati,"Pizza, focacce e piadine"
Mulino Bianco Piadelle Classiche Ideale per Piadina 4pz 300g,"7,83 € / Kg","2,35€",Panetteria e snack salati,"Pizza, focacce e piadine"
Mulino Bianco Piadelle integrali Ideale per Piadina 3pz 225g,"10,44 € / Kg","2,35€",Panetteria e snack salati,"Pizza, focacce e piadine"
Mulino Bianco Piadelle Sfogliate Ideale per Piadina 3pz 330g,"7,42 € / Kg","2,45€",Panetteria e snack salati,"Pizza, focacce e piadine"
Mulino Bianco Piadina Piadelle Toast 240g,"8,54 € / Kg","2,05€",Panetteria e snack salati,"Pizza, focacce e piadine"
Riccionepiadina Piadina Romagnola IGP alla Riminese 5 x 120 g,"6,92 € / Kg","4,15€",Panetteria e snack salati,"Pizza, focacce e piadine"
3 PIADINE FARRO VEG ARTE PIADA 330g,"0,93 € / conf","2,79€",Panetteria e snack salati,"Pizza, focacce e piadine"
PIADE FRESCHE IGP OLIO G.PIADA 550g,"5,98 € / Kg","3,29€",Panetteria e snack salati,"Pizza, focacce e piadine"
PIADINA PROTEIN 2PZ STER 150g,"21,00 € / Kg","3,15€",Panetteria e snack salati,"Pizza, focacce e piadine"
VEGETALPIADA STER VEGAN OK 300g,"8,33 € / Kg","2,50€",Panetteria e snack salati,"Pizza, focacce e piadine"
CONAD Profumo di Forno Pinsa 150 g,"13,27 € / Kg","1,99€",Panetteria e snack salati,Pane croccante e morbido
Pane con Segale 500 g Conad,"3,80 € / Kg","1,90€",Panetteria e snack salati,Pane croccante e morbido
Pane Rustico 500 g Conad,"3,80 € / Kg","1,90€",Panetteria e snack salati,Pane croccante e morbido
Mulino Bianco Focaccelle all'Olio Extra Vergine di Oliva 198g,9.0 € / Kg,"1,59€",Panetteria e snack salati,Pane croccante e morbido
Casa della Piada la Tigella Emiliana 6 Tigelle 250 g,"5,96 € / Kg","1,49€",Panetteria e snack salati,Pane croccante e morbido
"Céréal BuoniSenza Pane Azzimo Senza Glutine Senza Lievito Senza Olio di Palma, gluten free - 180 g","15,28 € / Kg","2,75€",Panetteria e snack salati,Pane croccante e morbido
"Céréal senza Glutine Integrale, Pan Campagnolo senza lattosio, Pane a fette - 175g","11,37 € / Kg","1,99€",Panetteria e snack salati,Pane croccante e morbido
"Céréal Senza Glutine Pane Rustico ai semi, Pan Bauletto senza Olio di Palma - 2 per 200g","10,88 € / Kg","4,35€",Panetteria e snack salati,Pane croccante e morbido
"Céréal Senza Lievito Pane di Segale Integrale, solo con Farina di Segale integrale - 500 g","5,98 € / Kg","2,99€",Panetteria e snack salati,Pane croccante e morbido
Morato Bruschelle le Originali Mini Classiche 12 x 29 g,"6,00 € / Kg","2,10€",Panetteria e snack salati,Pane croccante e morbido
Pane per Tramezzini 250 g Conad,"5,16 € / Kg","1,29€",Panetteria e snack salati,Pane croccante e morbido
Pane Soffice con Farina Integrale 400 g Conad,"4,72 € / Kg","1,89€",Panetteria e snack salati,Pane croccante e morbido
Pane soffice di grano tenero g 400 Conad,"4,72 € / Kg","1,89€",Panetteria e snack salati,Pane croccante e morbido
Morato Spuntinelle Bianco 400 g,"5,22 € / Kg","2,09€",Panetteria e snack salati,Pane croccante e morbido
Morato Spuntinelle Integrale e Riso Nero 400 g,"5,98 € / Kg","2,39€",Panetteria e snack salati,Pane croccante e morbido
Morato Spuntinelle le Originali 250 g,"6,36 € / Kg","1,59€",Panetteria e snack salati,Pane croccante e morbido
Morato Spuntinelle le Originali Mini 175 g,"6,80 € / Kg","1,19€",Panetteria e snack salati,Pane croccante e morbido
Mulino Bianco Cuor di Pane Integrale Senza Crosta 325g,"6,46 € / Kg","2,10€",Panetteria e snack salati,Pane croccante e morbido
Mulino Bianco Cuor di Pane Senza Crosta 325g,"6,62 € / Kg","2,15€",Panetteria e snack salati,Pane croccante e morbido
Mulino Bianco Gran Cuor di Pane Bianco 400g,"5,72 € / Kg","2,29€",Panetteria e snack salati,Pane croccante e morbido
Filone Rustico 400 g Conad,"4,62 € / Kg","1,85€",Panetteria e snack salati,Pane croccante e morbido
Pagnotta di grano duro con olio extravergine di oliva e lievito madre 350g Conad,"3,97 € / Kg","1,39€",Panetteria e snack salati,Pane croccante e morbido
Pan Carrè 18 Fette 330 g Conad,"2,73 € / Kg","0,90€",Panetteria e snack salati,Pane croccante e morbido
Pan Carrè 6 6 Fette 220 g Conad,"3,14 € / Kg","0,69€",Panetteria e snack salati,Pane croccante e morbido
Mulino Bianco Pan Carrè Pane Ideale per Toast 16 fette 285g,"2,98 € / Kg","0,85€",Panetteria e snack salati,Pane croccante e morbido
Mulino Bianco Pan Carrè Pane Integrale Ideale per Toast 315g,"3,14 € / Kg","0,99€",Panetteria e snack salati,Pane croccante e morbido
Mulino Bianco Panino PanCarrè 24 fette 430g,"2,77 € / Kg","1,19€",Panetteria e snack salati,Pane croccante e morbido
Pane 8 Cereali e Soia 400 g Conad,"2,72 € / Kg","1,09€",Panetteria e snack salati,Pane croccante e morbido
Pane Bauletto Rustico Senza Glutine con pasta madre 300 g Alimentum Conad,"8,30 € / Kg","2,49€",Panetteria e snack salati,Pane croccante e morbido
Pane Bianco 400 g Conad,"2,47 € / Kg","0,99€",Panetteria e snack salati,Pane croccante e morbido
Pane con Quinoa e Semi di Chia Biologico 400 g Verso Natura Conad,"5,98 € / Kg","2,39€",Panetteria e snack salati,Pane croccante e morbido
Pane di farro e semi 400 g Verso Natura Bio Conad,"5,98 € / Kg","2,39€",Panetteria e snack salati,Pane croccante e morbido
Pane di grano duro con olio extravergine di oliva g.  400 Conad,"2,72 € / Kg","1,09€",Panetteria e snack salati,Pane croccante e morbido
Pane Integrale 400 g Conad,"2,72 € / Kg","1,09€",Panetteria e snack salati,Pane croccante e morbido
Pane Kamut Biologico 400 g Verso Natura Bio Conad,"6,72 € / Kg","2,69€",Panetteria e snack salati,Pane croccante e morbido
Mulino Bianco Pan Bauletto Bianco 400g,3.2 € / Kg,"0,89€",Panetteria e snack salati,Pane croccante e morbido
Mulino Bianco Cuor di Lino Pane Ricco di Fibre Semi di Lino 400g,"5,38 € / Kg","2,15€",Panetteria e snack salati,Pane croccante e morbido
Mulino Bianco Gran Bauletto alla Segale 500g,"6,20 € / Kg","3,10€",Panetteria e snack salati,Pane croccante e morbido
Mulino Bianco Pan Bauletto Cereali Pane Ideale per Panini 400g,"4,22 € / Kg","1,69€",Panetteria e snack salati,Pane croccante e morbido
Mulino Bianco Pan Bauletto Grano Duro 400 g,"3,47 € / Kg","1,39€",Panetteria e snack salati,Pane croccante e morbido
Mulino Bianco Pan Bauletto Integrale Pane ideale per panini 400g,"4,22 € / Kg","1,69€",Panetteria e snack salati,Pane croccante e morbido
Mulino Bianco Pan Brioscè Pane Ideale per Colazione 400g,"6,72 € / Kg","2,69€",Panetteria e snack salati,Pane croccante e morbido
Bocconcini Croccanti con Olio Extra Vergine di Oliva 300 g Conad,"8,30 € / Kg","2,49€",Panetteria e snack salati,Pane croccante e morbido
Bocconcini di KAMUT® 250 g Verso Natura Bio Conad,"11,40 € / Kg","2,85€",Panetteria e snack salati,Pane croccante e morbido
Bruschettine al rosmarino con olio di oliva g.  150 Conad,"9,27 € / Kg","1,39€",Panetteria e snack salati,Pane croccante e morbido
Bruschettine alle olive con olio di oliva g.  150 Conad,"9,27 € / Kg","1,39€",Panetteria e snack salati,Pane croccante e morbido
Cracker Leggeri 230 g Conad,"4,78 € / Kg","1,10€",Panetteria e snack salati,Pane croccante e morbido
Crostini classici g. 75 Conad,"8,27 € / Kg","0,62€",Panetteria e snack salati,Pane croccante e morbido
Crostini con Farina Integrale 250 g Conad,"5,16 € / Kg","1,29€",Panetteria e snack salati,Pane croccante e morbido
Mini crostini con olio d'oliva 100g Conad,"9,50 € / Kg","0,95€",Panetteria e snack salati,Pane croccante e morbido
"Schiacciatine 8 x 37,5 g Conad","5,33 € / Kg","1,60€",Panetteria e snack salati,Pane croccante e morbido
"Schiacciatine al Rosmarino 8 x 37,5 g Conad","5,33 € / Kg","1,60€",Panetteria e snack salati,Pane croccante e morbido
Mulino Bianco Granetti Classici 280 g,6.7 € / Kg,"1,39€",Panetteria e snack salati,Pane croccante e morbido
Mulino Bianco Granetti Integrali 280 g,6.7 € / Kg,"1,39€",Panetteria e snack salati,Pane croccante e morbido
Forno Damiani Premium Croccantelle gusto Bacon 8 x 30 g,"7,88 € / Kg","1,89€",Panetteria e snack salati,Pane croccante e morbido
Forno Damiani Premium Croccantelle gusto Ketchup  8 x 30 g,"7,88 € / Kg","1,89€",Panetteria e snack salati,Pane croccante e morbido
Forno Damiani Premium Croccantelle Gusto Prosciutto 8 x 30 g,"7,88 € / Kg","1,89€",Panetteria e snack salati,Pane croccante e morbido
"Galbusera Buonpertutti con Farine Legumi Biologici,farina tipo2,semi canapa,lenticchie soffiate 200g","9,95 € / Kg","1,99€",Panetteria e snack salati,Pane croccante e morbido
Gran Pavesi le Sfoglie Classiche Snack Cotto al Forno 180g,"11,94 € / Kg","2,15€",Panetteria e snack salati,Pane croccante e morbido
"Gran Pavesi Snack Tocchetti, Snack al Mais Cotti al Forno, Senza Olio di Palma, 8 Pacchetti 256g","10,35 € / Kg","2,65€",Panetteria e snack salati,Pane croccante e morbido
GrissinBon Gongoli Classico 200 g,"7,45 € / Kg","1,49€",Panetteria e snack salati,Pane croccante e morbido
Misura Natura Ricca Cereali e Semi di Zucca Crackers 230 g,"8,04 € / Kg","1,85€",Panetteria e snack salati,Pane croccante e morbido
Morato Mini Scrikki Mais con Olio di Oliva 6 x 35 g,"0,33 € / conf","1,99€",Panetteria e snack salati,Pane croccante e morbido
Mulino Bianco Fiori d'Acqua 250g,"6,20 € / Kg","1,55€",Panetteria e snack salati,Pane croccante e morbido
Mulino Bianco Michetti Pani Croccanti con Farina Sostenibile 295g,"6,41 € / Kg","1,89€",Panetteria e snack salati,Pane croccante e morbido
Panealba Crostini Mediterraneo con Olio di Oliva 100 g,"17,50 € / Kg","1,75€",Panetteria e snack salati,Pane croccante e morbido
Panealba Crostini Pomodoro e Basilico 100 g,"17,50 € / Kg","1,75€",Panetteria e snack salati,Pane croccante e morbido
San Carlo Crostini Dorati Classici 200 g,"9,00 € / Kg","1,80€",Panetteria e snack salati,Pane croccante e morbido
San Carlo Crostini Dorati Classici 75 g,"10,00 € / Kg","0,75€",Panetteria e snack salati,Pane croccante e morbido
Sansepolcro Toscana Crostino dorato con farina integrale 300 g,"7,17 € / Kg","2,15€",Panetteria e snack salati,Pane croccante e morbido
Sansepolcro Toscana Crostino dorato Croccante 300 g,"7,17 € / Kg","2,15€",Panetteria e snack salati,Pane croccante e morbido
Tuc Crisp Sfogliatine Croccanti  Original Multipack cotte al forno - 5 x 30 g,"17,00 € / Kg","2,55€",Panetteria e snack salati,Pane croccante e morbido
"Tuc Sfoglie, crackers con Olio Extra Vergine di Oliva & Erbe Aromatiche - 170 g","10,29 € / Kg","1,75€",Panetteria e snack salati,Pane croccante e morbido
"Tuc Sfoglie, crackers con Olio Extra Vergine di Oliva & Un Pizzico di Sale - 170 g","10,29 € / Kg","1,75€",Panetteria e snack salati,Pane croccante e morbido
Wasa Runda Sesam & Seasalt 290g,"9,83 € / Kg","2,85€",Panetteria e snack salati,Pane croccante e morbido
Pane per Sandwich 550 g Conad,"2,71 € / Kg","1,49€",Panetteria e snack salati,Pane croccante e morbido
"Morato American Sandwich Bianco 14 x 39,3 g","3,44 € / Kg","1,89€",Panetteria e snack salati,Pane croccante e morbido
"Morato American Sandwich Grano Duro 14 x 39,3 g","3,62 € / Kg","1,99€",Panetteria e snack salati,Pane croccante e morbido
"Morato American Sandwich Integrale 14 x 42,9 g","3,15 € / Kg","1,89€",Panetteria e snack salati,Pane croccante e morbido
CONAD Mini Panini per Hamburger 8 x 25 g,"6,45 € / Kg","1,29€",Panetteria e snack salati,Pane croccante e morbido
Maxi Panini per Hamburger con Farina Integrale con Semi di Sesamo 4 x 75 g Conad,"4,97 € / Kg","1,49€",Panetteria e snack salati,Pane croccante e morbido
Maxi Panini per Hamburger con Semi di Sesamo 4 x 75 g Conad,"4,97 € / Kg","1,49€",Panetteria e snack salati,Pane croccante e morbido
Panini al Latte 8 Panini 400 g Conad,"5,48 € / Kg","2,19€",Panetteria e snack salati,Pane croccante e morbido
Panini per Hamburger 6 x 50 g Conad,"4,97 € / Kg","1,49€",Panetteria e snack salati,Pane croccante e morbido
Panini per Hamburger con Semi di Sesamo 6 x 50 g Conad,"4,97 € / Kg","1,49€",Panetteria e snack salati,Pane croccante e morbido
Panini per Hamburger Mega Maxi con Semi di Sesamo 2 x 125 g Conad,"5,96 € / Kg","1,49€",Panetteria e snack salati,Pane croccante e morbido
"Panini per Hot Dog 4 x 62,5 g Conad","4,76 € / Kg","1,19€",Panetteria e snack salati,Pane croccante e morbido
Mulino Bianco Pagnottelle Classiche 360 g,"5,53 € / Kg","1,99€",Panetteria e snack salati,Pane croccante e morbido
Mulino Bianco Sfilatino Bianco Pane Ideale per Panini 360g,"6,53 € / Kg","2,35€",Panetteria e snack salati,Pane croccante e morbido
BASE PINSA PINSAMI 230g,"9,38 € / Kg","2,59€",Panetteria e snack salati,Pane croccante e morbido
"FOCAC.STRACC.LANTERN40x30(CTx7,65k)","12,90 € / Kg","2,58€",Panetteria e snack salati,Pane croccante e morbido
"PIZZA MARGH.30x40 BASSINIct4,25kg","2,33 € / Kg","2,97€",Panetteria e snack salati,Pane croccante e morbido
PAN PIUMA ARTEBIANCA GR.DURO 400g,"5,72 € / Kg","2,29€",Panetteria e snack salati,Pane croccante e morbido
PAN PIUMA ARTEBIANCA GR.TENERO 400g,"5,72 € / Kg","2,29€",Panetteria e snack salati,Pane croccante e morbido
BIBANESI KAMUT BIO DA RE 250g,13.8 € / Kg,"2,89€",Panetteria e snack salati,Pane croccante e morbido
LINGUE CROCC.FARRO ADP150g,17.2 € / Kg,"1,81€",Panetteria e snack salati,Pane croccante e morbido
LINGUE CROCC.INTEG.ADP.150g,16.6 € / Kg,"1,74€",Panetteria e snack salati,Pane croccante e morbido
LINGUE CROCC.OLIVE ADP.150g,16.6 € / Kg,"1,74€",Panetteria e snack salati,Pane croccante e morbido
BIBANESI OLIO EXV DA RE SACC.400g,"8,48 € / Kg","3,39€",Panetteria e snack salati,Pane croccante e morbido
CROCCANT.POLLO ARR.DAMIANI MPK830g,"2,28 € / Kg","1,89€",Panetteria e snack salati,Pane croccante e morbido
CROCCANTELLE PIZZA DAMIANI MPK830g,"2,28 € / Kg","1,89€",Panetteria e snack salati,Pane croccante e morbido
CROST.ZUPPE/INSAL.O/O FORNERIA 200g,"9,95 € / Kg","1,99€",Panetteria e snack salati,Pane croccante e morbido
CROSTINI G.CLASSICO DAMIANI MPK5x30,"13,27 € / Kg","1,99€",Panetteria e snack salati,Pane croccante e morbido
PANTOSTAT.POMOD.LA PANERIA150g,"8,60 € / Kg","1,29€",Panetteria e snack salati,Pane croccante e morbido
PARMONIE ORIGINALI BUSTA 23g,"47,83 € / Kg","1,10€",Panetteria e snack salati,Pane croccante e morbido
SCHIACC.CLASSICA TRIS BOTTOLI 150g,"6,60 € / Kg","0,99€",Panetteria e snack salati,Pane croccante e morbido
SCHIACC.PIZZA TRIS BOTTOLI 150g,"6,60 € / Kg","0,99€",Panetteria e snack salati,Pane croccante e morbido
TOSTAR.PANKAMUT BIO BISCOP.MPK6x40g,"13,71 € / Kg","3,29€",Panetteria e snack salati,Pane croccante e morbido
ZUFI' GUSTO PIZZA VALLEDORO 100g,"9,90 € / Kg","0,99€",Panetteria e snack salati,Pane croccante e morbido
FILONE 7 CEREALI PANEM 400g,"5,72 € / Kg","2,29€",Panetteria e snack salati,Pane croccante e morbido
FILONE GRANO DURO PANEM 400g,"5,72 € / Kg","2,29€",Panetteria e snack salati,Pane croccante e morbido
FILONE INTEGRALE PANEM 400g,"5,72 € / Kg","2,29€",Panetteria e snack salati,Pane croccante e morbido
FRISELLE GRANO DURO FORTE 350g,"7,40 € / Kg","2,59€",Panetteria e snack salati,Pane croccante e morbido
2 PAGNOTTO IL NORVEGESE 160g,24.2 € / Kg,"2,98€",Panetteria e snack salati,Pane croccante e morbido
2 PAGNOTTO ITALIANO 160g,24.2 € / Kg,"2,98€",Panetteria e snack salati,Pane croccante e morbido
HAMB.DAILY BREAD GIG.SES.x4 300g,"7,63 € / Kg","2,29€",Panetteria e snack salati,Pane croccante e morbido
HAMBURGER DAILY BREAD x6 300g,"6,50 € / Kg","1,95€",Panetteria e snack salati,Pane croccante e morbido
HOT DOG DAILY BREAD 4 1pz 312g,"6,73 € / Kg","2,10€",Panetteria e snack salati,Pane croccante e morbido
PIZZA MARGH.TRANCIO PIZZA 1 450G,"9,67 € / Kg","4,35€",Panetteria e snack salati,Pane croccante e morbido
CONAD Pane Grattugiato Integrale 250 g,"3,36 € / Kg","0,84€",Panetteria e snack salati,Pane grattuggiato
Pane Grattugiato 400 g Conad,"4,25 € / Kg","1,70€",Panetteria e snack salati,Pane grattuggiato
Pane Grattugiato 500 g Conad,"2,60 € / Kg","1,30€",Panetteria e snack salati,Pane grattuggiato
Pane Grattugiato Senza Glutine 250 g Alimentum Conad,"7,16 € / Kg","1,79€",Panetteria e snack salati,Pane grattuggiato
Mulino Bianco Impanatura Pronta Ideale per Impanare 200g,"5,95 € / Kg","1,19€",Panetteria e snack salati,Pane grattuggiato
Schär Pan Gratí 300 g,"9,97 € / Kg","2,99€",Panetteria e snack salati,Pane grattuggiato
Anellini all'Uovo 250 g Conad,"3,00 € / Kg","0,75€",Pasta e riso,Pasta all'uovo
Ditalini Rigati all'Uovo 250 g Conad,"3,00 € / Kg","0,75€",Pasta e riso,Pasta all'uovo
Farfalline all'Uovo 250 g Conad,"3,00 € / Kg","0,75€",Pasta e riso,Pasta all'uovo
Filini all'Uovo 250 g Conad,"3,00 € / Kg","0,75€",Pasta e riso,Pasta all'uovo
Grattini all'Uovo 250 g Conad,"3,00 € / Kg","0,75€",Pasta e riso,Pasta all'uovo
Margherite all'Uovo 250 g Conad,"3,00 € / Kg","0,75€",Pasta e riso,Pasta all'uovo
Quadretti all'Uovo 250 g Conad,"3,00 € / Kg","0,75€",Pasta e riso,Pasta all'uovo
Quadri all'Uovo 250 g Conad,"3,00 € / Kg","0,75€",Pasta e riso,Pasta all'uovo
Risini all'Uovo 250 g Conad,"3,00 € / Kg","0,75€",Pasta e riso,Pasta all'uovo
Sorprese all'uovo 250g Conad,"3,00 € / Kg","0,75€",Pasta e riso,Pasta all'uovo
Stelline all'Uovo 250 g Conad,"3,00 € / Kg","0,75€",Pasta e riso,Pasta all'uovo
Tempestine all'uovo 250g Conad,"3,00 € / Kg","0,75€",Pasta e riso,Pasta all'uovo
Barilla Emiliane Filini all'uovo 275g,"3,60 € / Kg","0,99€",Pasta e riso,Pasta all'uovo
Barilla Emiliane Pasta all'uovo Farfalline all'uovo 275g,"3,60 € / Kg","0,99€",Pasta e riso,Pasta all'uovo
Barilla Emiliane Pasta all'uovo Grattini all'uovo 275g,"3,60 € / Kg","0,99€",Pasta e riso,Pasta all'uovo
Barilla Emiliane Pasta all'uovo Grattoni all'uovo 275g,"3,60 € / Kg","0,99€",Pasta e riso,Pasta all'uovo
Barilla Emiliane Pasta all'uovo Sorprese all'uovo 275g,"3,60 € / Kg","0,99€",Pasta e riso,Pasta all'uovo
Luciana Mosconi Buontagliati 250 g,"6,60 € / Kg","1,65€",Pasta e riso,Pasta all'uovo
Luciana Mosconi Grattoni 250 g,"6,60 € / Kg","1,65€",Pasta e riso,Pasta all'uovo
Cannelloni all'Uovo 250 g Conad,"5,80 € / Kg","1,45€",Pasta e riso,Pasta all'uovo
Lasagne all'Uovo 500 g Conad,"4,38 € / Kg","2,19€",Pasta e riso,Pasta all'uovo
Lasagne all'Uovo Verdi 500 g Conad,"4,38 € / Kg","2,19€",Pasta e riso,Pasta all'uovo
Barilla Emiliane Cannelloni all'Uovo 250g,"7,96 € / Kg","1,99€",Pasta e riso,Pasta all'uovo
Barilla Emiliane Lasagne all'uovo sfoglia ruvida e porosa 500g,"5,58 € / Kg","2,79€",Pasta e riso,Pasta all'uovo
Fettuccine 500 g Sapori & Idee Conad,"5,38 € / Kg","2,69€",Pasta e riso,Pasta all'uovo
Fettuccine all'Uovo 250 g Conad,"3,96 € / Kg","0,99€",Pasta e riso,Pasta all'uovo
Frastagliate all'Uovo 250 g Conad,"3,96 € / Kg","0,99€",Pasta e riso,Pasta all'uovo
Pappardelle g.  250 Conad,"3,96 € / Kg","0,99€",Pasta e riso,Pasta all'uovo
Tagliatelle 500 g Sapori & Idee Conad,"5,38 € / Kg","2,69€",Pasta e riso,Pasta all'uovo
Tagliatelle all'uovo 250g Conad,"3,96 € / Kg","0,99€",Pasta e riso,Pasta all'uovo
Tagliatelle all'uovo paglia e fieno g.  250 Conad,"3,96 € / Kg","0,99€",Pasta e riso,Pasta all'uovo
Taglierini all'Uovo 250 g Conad,"3,96 € / Kg","0,99€",Pasta e riso,Pasta all'uovo
Tagliolini all'Uovo 250 g Conad,"3,96 € / Kg","0,99€",Pasta e riso,Pasta all'uovo
Barilla Emiliane Fettuccine all'uovo 250g,"6,60 € / Kg","1,65€",Pasta e riso,Pasta all'uovo
Barilla Emiliane Pappardelle all'uovo 250g,"6,60 € / Kg","1,65€",Pasta e riso,Pasta all'uovo
Barilla Emiliane Tagliatelle all'uovo 250g,"6,60 € / Kg","1,65€",Pasta e riso,Pasta all'uovo
La Pasta di Camerino Fettuccine 250 g,"7,16 € / Kg","1,79€",Pasta e riso,Pasta all'uovo
La Pasta di Camerino Tagliolini 250 g,"7,16 € / Kg","1,79€",Pasta e riso,Pasta all'uovo
Luciana Mosconi fettuccine delicate 250 g,"7,80 € / Kg","1,95€",Pasta e riso,Pasta all'uovo
Luciana Mosconi paglia e fieno delicate 250 g,"7,80 € / Kg","1,95€",Pasta e riso,Pasta all'uovo
Luciana Mosconi tagliatelle delicate 250 g,"7,80 € / Kg","1,95€",Pasta e riso,Pasta all'uovo
Luciana Mosconi zigrinate delicate 250 g,"7,80 € / Kg","1,95€",Pasta e riso,Pasta all'uovo
Fettuccine di Campofilone 250 g Sapori & Dintorni Conad,"11,96 € / Kg","2,99€",Pasta e riso,Pasta all'uovo
Maccheroncini di Campofilone IGP 250 g Sapori & Dintorni Conad,"11,96 € / Kg","2,99€",Pasta e riso,Pasta all'uovo
Maltagliati all'Uovo 250 g Conad,"3,92 € / Kg","0,98€",Pasta e riso,Pasta all'uovo
Barilla Emiliane Pasta all'uovo Treccine all'uovo 275g,"3,60 € / Kg","0,99€",Pasta e riso,Pasta all'uovo
Luciana Mosconi tagliatelle Integrale 250 g,"12,60 € / Kg","3,15€",Pasta e riso,Pasta all'uovo
Luciana Mosconi tagliatelle specialità di Farro integrale e Uova fresche 250 g,"12,60 € / Kg","3,15€",Pasta e riso,Pasta all'uovo
Garofalo Gnocchi di Patate 500 g,"2,58 € / Kg","1,29€",Pasta e riso,Pasta ripiena e gnocchi
Tortellini con prosciutto crudo 500 g Conad,"5,90 € / Kg","2,95€",Pasta e riso,Pasta ripiena e gnocchi
Barilla Emiliane Tortellini all'uovo 250g,"11,00 € / Kg","2,75€",Pasta e riso,Pasta ripiena e gnocchi
Orecchiette g. 500 Conad,3.2 € / Kg,"1,28€",Pasta e riso,Pasta fresca
Trofie di Semola di Grano duro 500 g Conad,3.2 € / Kg,"1,28€",Pasta e riso,Pasta fresca
Chicche di Patate Fresche 500 g Sapori & Idee Conad,"3,20 € / Kg","1,60€",Pasta e riso,Pasta fresca
Gnocchetti alla Tirolese 350 g Sapori & Dintorni Conad,"4,26 € / Kg","1,49€",Pasta e riso,Pasta fresca
Gnocchetti di Patate 500 g Conad,"1,98 € / Kg","0,99€",Pasta e riso,Pasta fresca
Gnocchi di Patate 500 g Conad,"1,98 € / Kg","0,99€",Pasta e riso,Pasta fresca
Maritati Pugliesi 500 g Sapori & Dintorni Conad,"3,78 € / Kg","1,89€",Pasta e riso,Pasta fresca
Pappardelle all'uovo Sfoglia Rustica 250 g Conad,"4,60 € / Kg","1,15€",Pasta e riso,Pasta fresca
Pici Senesi 350 g Sapori & Dintorni Conad,"4,83 € / Kg","1,69€",Pasta e riso,Pasta fresca
Sfoglia Rustica Lasagne all'uovo 250 g Conad,"4,76 € / Kg","1,19€",Pasta e riso,Pasta fresca
Sfoglia Sottile Lasagne all'uovo 250 g Conad,"5,16 € / Kg","1,29€",Pasta e riso,Pasta fresca
Spaghetti alla Chitarra 250 g Conad,"5,16 € / Kg","1,29€",Pasta e riso,Pasta fresca
Tagliatelle all'uovo Sfoglia Rustica 250 g Conad,"4,60 € / Kg","1,15€",Pasta e riso,Pasta fresca
Tagliolini freschi all'uovo sfoglia rustica g.  250 Conad,"4,60 € / Kg","1,15€",Pasta e riso,Pasta fresca
Troccoli Pugliesi 500 g Sapori & Dintorni Conad,"3,78 € / Kg","1,89€",Pasta e riso,Pasta fresca
Giovanni Rana Gnocchetti Freschi di Patate 500 g,"4,90 € / Kg","2,45€",Pasta e riso,Pasta fresca
Giovanni Rana Gnocchi alla romana 500 g,"4,58 € / Kg","2,29€",Pasta e riso,Pasta fresca
Giovanni Rana Gnocchi Freschi di Patate 500 g,"4,90 € / Kg","2,45€",Pasta e riso,Pasta fresca
Giovanni Rana Sfogliagrezza Fettuccine 250 g,"8,60 € / Kg","2,15€",Pasta e riso,Pasta fresca
Giovanni Rana Sfogliagrezza Lasagne Fresche all'Uovo 250 g,"8,40 € / Kg","2,10€",Pasta e riso,Pasta fresca
Giovanni Rana Sfogliagrezza Paglia e Fieno 250 g,"8,60 € / Kg","2,15€",Pasta e riso,Pasta fresca
Giovanni Rana Sfogliagrezza Tagliatelle 250 g,"8,60 € / Kg","2,15€",Pasta e riso,Pasta fresca
Giovanni Rana Sfogliavelo Lasagne Fresche all'Uovo 250 g,"9,16 € / Kg","2,29€",Pasta e riso,Pasta fresca
Maffei Pasta Fresca di Semola di Grano Duro Orecchiette 250 g,"5,00 € / Kg","1,25€",Pasta e riso,Pasta fresca
Maffei Pasta Fresca di Semola di Grano Duro Strozzapreti 250 g,"5,00 € / Kg","1,25€",Pasta e riso,Pasta fresca
Maffei Pasta Fresca di Semola di Grano Duro Trofie 250 g,"5,00 € / Kg","1,25€",Pasta e riso,Pasta fresca
Mamma emma gnocchi ripieni con Gorgonzola DOP 350 g,"8,54 € / Kg","2,99€",Pasta e riso,Pasta fresca
Mamma emma gnocchi ripieni con pomodoro e mozzarella 350 g,"8,54 € / Kg","2,99€",Pasta e riso,Pasta fresca
Nonna Rina Chicche di patate 500 g,"6,98 € / Kg","3,49€",Pasta e riso,Pasta fresca
Patamore Bio il Classico Gnocco Bio Rigato 400 g,"7,45 € / Kg","2,98€",Pasta e riso,Pasta fresca
Patamore Le Specialità Gnocchi Freschi alla Zucca 500 g,"4,78 € / Kg","2,39€",Pasta e riso,Pasta fresca
Ravioli con Ricotta ed Erbette Sfoglia Sottile 250 g Conad,7.5 € / Kg,"1,59€",Pasta e riso,Pasta fresca
Tortellini con Prosciutto Crudo Sfoglia Sottile 250 g Conad,7.5 € / Kg,"1,59€",Pasta e riso,Pasta fresca
Agnolotti Piemontesi 250 g Sapori & Dintorni Conad,"11,96 € / Kg","2,99€",Pasta e riso,Pasta fresca
Cappellacci con Zucca e Parmigiano Reggiano 250 g Sapori & Dintorni Conad,"12,76 € / Kg","3,19€",Pasta e riso,Pasta fresca
"Cappellacci Friarielli e ""Mozzarella di Bufala Campana DOP"" 250 g Sapori & Dintorni Conad","12,76 € / Kg","3,19€",Pasta e riso,Pasta fresca
Cappelletti con Prosciutto Crudo 250 g Conad,"6,36 € / Kg","1,59€",Pasta e riso,Pasta fresca
"Girasoli Burrata, Pomodori e Basilico 250 g Conad","12,76 € / Kg","3,19€",Pasta e riso,Pasta fresca
"Grandi Girasoli con Asiago DOP, Porcini e Finferli 250 g Sapori & Dintorni Conad","12,76 € / Kg","3,19€",Pasta e riso,Pasta fresca
Grandi Mezzelune Asparagi e Pancetta 250 g Sapori & Dintorni Conad,"12,76 € / Kg","3,19€",Pasta e riso,Pasta fresca
Mezzelune Gamberi e Burrata 250 g Sapori & Idee Conad,"14,36 € / Kg","3,59€",Pasta e riso,Pasta fresca
Ravioli con Funghi Porcini 250 g Conad,"6,36 € / Kg","1,59€",Pasta e riso,Pasta fresca
Tortelli Maremmani con ricotta e spinaci 350 g Sapori & Dintorni Conad,"8,54 € / Kg","2,99€",Pasta e riso,Pasta fresca
Tortellini con carne g.  250 Conad,"6,36 € / Kg","1,59€",Pasta e riso,Pasta fresca
Tortellini di Modena 250 g Conad,"13,96 € / Kg","3,49€",Pasta e riso,Pasta fresca
Tortelloni ai Formaggi 250 g Conad,"6,36 € / Kg","1,59€",Pasta e riso,Pasta fresca
Tortelloni con Ricotta e Spinaci 250 g Conad,"6,36 € / Kg","1,59€",Pasta e riso,Pasta fresca
Triangoli Porcini e Tartufo 250 g Sapori & Dintorni Conad,"12,76 € / Kg","3,19€",Pasta e riso,Pasta fresca
Giovanni Rana Sfogliavelo Carne 250 g,"15,16 € / Kg","3,79€",Pasta e riso,Pasta fresca
Giovanni Rana Sfogliavelo Prosciutto Crudo 250 g,"15,16 € / Kg","3,79€",Pasta e riso,Pasta fresca
Giovanni Rana Sfogliavelo Ricotta e Spinaci 250 g,"15,16 € / Kg","3,79€",Pasta e riso,Pasta fresca
Giovanni Rana Duetto Burrata & Basilico 250 g,"13,00 € / Kg","3,25€",Pasta e riso,Pasta fresca
Giovanni Rana Duetto Salsiccia & Patate 250 g,"13,00 € / Kg","3,25€",Pasta e riso,Pasta fresca
Giovanni Rana Gioiaverde Carciofi 250 g,"14,76 € / Kg","3,69€",Pasta e riso,Pasta fresca
Giovanni Rana Gioiaverde Funghi Porcini 250 g,"14,76 € / Kg","3,69€",Pasta e riso,Pasta fresca
Giovanni Rana Gioiaverde Zucca 250 g,"14,76 € / Kg","3,69€",Pasta e riso,Pasta fresca
Giovanni Rana Rustici Cappelletti Crudo 250 g,"13,80 € / Kg","3,45€",Pasta e riso,Pasta fresca
Giovanni Rana Rustici Raviolini Vitello 250 g,"13,80 € / Kg","3,45€",Pasta e riso,Pasta fresca
Giovanni Rana Rustici Tortellini Carne 250 g,"13,80 € / Kg","3,45€",Pasta e riso,Pasta fresca
Giovanni Rana Rustici Tortelloni Ricotta e Spinaci 250 g,"13,80 € / Kg","3,45€",Pasta e riso,Pasta fresca
Giovanni Rana Sfogliavelo Carne 125 g,"14,80 € / Kg","1,85€",Pasta e riso,Pasta fresca
Giovanni Rana Sfogliavelo Prosciutto Crudo 125 g,"14,80 € / Kg","1,85€",Pasta e riso,Pasta fresca
Giovanni Rana Sfogliavelo Ricotta e Spinaci 125 g,"14,80 € / Kg","1,85€",Pasta e riso,Pasta fresca
Giovanni Rana Sfogliavelo Vitello 125 g,"14,80 € / Kg","1,85€",Pasta e riso,Pasta fresca
GNOCCHI ALLA ROMANA PICCININI 500g,"5,96 € / Kg","2,98€",Pasta e riso,Pasta fresca
GNOCCHI RIP POMODO/MOZZ.M.EMMA350g,"9,00 € / Kg","3,15€",Pasta e riso,Pasta fresca
ANOLINI BRASATO PICCININI 250g,"15,60 € / Kg","3,90€",Pasta e riso,Pasta fresca
TORTELLINI PICCININI 250g,"19,60 € / Kg","4,90€",Pasta e riso,Pasta fresca
217 Reginette specialità g.  500 Conad,"1,98 € / Kg","0,99€",Pasta e riso,Pasta di semola
Calamarata - Pasta di Gragnano IGP 500 g Sapori & Dintorni Conad,"2,98 € / Kg","1,49€",Pasta e riso,Pasta di semola
Cavatelli Pugliesi 500 g Conad,"3,10 € / Kg","1,55€",Pasta e riso,Pasta di semola
Linguine Pasta di Gragnano IGP 500 g Sapori & Dintorni Conad,"2,78 € / Kg","1,39€",Pasta e riso,Pasta di semola
Malloreddus Sardi 500 g Sapori e Dintorni Conad,"3,30 € / Kg","1,65€",Pasta e riso,Pasta di semola
Mezze Maniche Pasta di Gragnano IGP 500 g Sapori & Dintorni Conad,"2,78 € / Kg","1,39€",Pasta e riso,Pasta di semola
Orecchiette Pugliesi 500 g Conad,"3,10 € / Kg","1,55€",Pasta e riso,Pasta di semola
Paccheri Pasta di Gragnano IGP 500 g Sapori & Dintorni Conad,"2,98 € / Kg","1,49€",Pasta e riso,Pasta di semola
Pasta di semola di grano duro N° 11 Bavettine 500 g Conad,"1,38 € / Kg","0,69€",Pasta e riso,Pasta di semola
Pasta di semola di grano duro N° 23 Puntine 500 g Conad,"1,38 € / Kg","0,69€",Pasta e riso,Pasta di semola
Pasta di Semola di Grano Duro N° 53 Sedanini Rigati 500 g Conad,"1,38 € / Kg","0,69€",Pasta e riso,Pasta di semola
Pasta di semola di grano duro N° 71 Penne Lisce 500 g Conad,"1,38 € / Kg","0,69€",Pasta e riso,Pasta di semola
Pasta di semola di grano duro N° 86 Pipette Rigate 500 g Conad,"1,38 € / Kg","0,69€",Pasta e riso,Pasta di semola
Pasta di semola di grano duro N° 93 Conchiglie Rigate 500 g Conad,"1,38 € / Kg","0,69€",Pasta e riso,Pasta di semola
Pasta di semola di grano duro N° 94 Sedani Rigati 500 g Conad,"1,38 € / Kg","0,69€",Pasta e riso,Pasta di semola
Pasta di Semola di Grano Duro N°13 Bavette 500 g Conad,"1,38 € / Kg","0,69€",Pasta e riso,Pasta di semola
Pasta di Semola di Grano Duro N°21 Tempestine 500 g Conad,"1,38 € / Kg","0,69€",Pasta e riso,Pasta di semola
Pasta di Semola di Grano Duro N°26 Risoni 500 g Conad,"1,38 € / Kg","0,69€",Pasta e riso,Pasta di semola
Pasta di Semola di Grano Duro N°265 Farfalle 500 g Conad,"1,38 € / Kg","0,69€",Pasta e riso,Pasta di semola
Pasta di Semola di Grano Duro N°27 Stelline 500 g Conad,"1,38 € / Kg","0,69€",Pasta e riso,Pasta di semola
Pasta di Semola di Grano Duro N°287 Caserecce 500 g Conad,"1,38 € / Kg","0,69€",Pasta e riso,Pasta di semola
Pasta di Semola di Grano Duro N°3 Spaghettini 500 g Conad,"1,38 € / Kg","0,69€",Pasta e riso,Pasta di semola
Pasta di Semola di Grano Duro N°45 Ditali Lisci 500 g Conad,"1,38 € / Kg","0,69€",Pasta e riso,Pasta di semola
Pasta di Semola di Grano Duro N°47 Ditalini Rigati 500 g Conad,"1,38 € / Kg","0,69€",Pasta e riso,Pasta di semola
Pasta di Semola di Grano Duro N°49 Ditaloni Rigati 500 g Conad,"1,38 € / Kg","0,69€",Pasta e riso,Pasta di semola
Pasta di Semola di Grano Duro N°5 Spaghetti 500 g Conad,"1,38 € / Kg","0,69€",Pasta e riso,Pasta di semola
Pasta di Semola di Grano Duro N°52 Gramigna 500 g Conad,"1,38 € / Kg","0,69€",Pasta e riso,Pasta di semola
Pasta di Semola di Grano Duro N°59 Farfalline 500 g Conad,"1,38 € / Kg","0,69€",Pasta e riso,Pasta di semola
Pasta di Semola di Grano Duro N°7 Vermicellini 500 g Conad,"1,38 € / Kg","0,69€",Pasta e riso,Pasta di semola
Pasta di Semola di Grano Duro N°70 Mezze Penne Rigate 500 g Conad,"1,38 € / Kg","0,69€",Pasta e riso,Pasta di semola
Pasta di Semola di Grano Duro N°72 Pennette Rigate 500 g Conad,"1,38 € / Kg","0,69€",Pasta e riso,Pasta di semola
Pasta di Semola di Grano Duro N°73 Penne Rigate 500 g Conad,"1,38 € / Kg","0,69€",Pasta e riso,Pasta di semola
Pasta di Semola di Grano Duro N°83 Tortiglioni 500 g Conad,"1,38 € / Kg","0,69€",Pasta e riso,Pasta di semola
Pasta di Semola di Grano Duro N°84 Mezze Maniche Rigate 500 g Conad,"1,38 € / Kg","0,69€",Pasta e riso,Pasta di semola
Pasta di Semola di Grano Duro N°89 Rigatoni 500 g Conad,"1,38 € / Kg","0,69€",Pasta e riso,Pasta di semola
Pasta di Semola di Grano Duro N°9 Bucatini 500 g Conad,"1,38 € / Kg","0,69€",Pasta e riso,Pasta di semola
Pasta di Semola di Grano Duro N°91 Pipe Rigate 500 g Conad,"1,38 € / Kg","0,69€",Pasta e riso,Pasta di semola
Pasta di Semola di Grano Duro N°98 Fusilli 500 g Conad,"1,38 € / Kg","0,69€",Pasta e riso,Pasta di semola
Pasta di Semola di Grano Duro Specialità N°214 Barbine a Nido 500 g Conad,"1,98 € / Kg","0,99€",Pasta e riso,Pasta di semola
Pasta di Semola di Grano Duro Specialità N°215 Tagliatelle a Nido 500 g Conad,"1,98 € / Kg","0,99€",Pasta e riso,Pasta di semola
Pasta di Semola di Grano Duro Specialità N°216 Lasagnette a Nido 500 g Conad,"1,98 € / Kg","0,99€",Pasta e riso,Pasta di semola
Pasta di Semola di Grano Duro Specialità N°256 Orecchiette 500 g Conad,"1,78 € / Kg","0,89€",Pasta e riso,Pasta di semola
Pasta di Semola di Grano Duro Specialità N°260 Gnocchetti Sardi 500 g Conad,"1,78 € / Kg","0,89€",Pasta e riso,Pasta di semola
Pasta di Semola di Grano Duro Specialità N°292 Fusilli Bucati Corti 500 g Conad,"1,78 € / Kg","0,89€",Pasta e riso,Pasta di semola
Pici della Val d'Orcia 500 g Sapori & Dintorni Conad,"5,30 € / Kg","2,65€",Pasta e riso,Pasta di semola
Pizzoccheri della Valtellina IGP 500 g Conad,"3,30 € / Kg","1,65€",Pasta e riso,Pasta di semola
Rigatoni Pasta di Gragnano IGP 500 g Sapori & Dintorni Conad,"2,98 € / Kg","1,49€",Pasta e riso,Pasta di semola
Spaghetti alla Chitarra Pasta di Gragnano IGP 500 g Conad,"2,98 € / Kg","1,49€",Pasta e riso,Pasta di semola
Vermicelli Pasta di Gragnano IGP 500 g Sapori & Dintorni Conad,"2,78 € / Kg","1,39€",Pasta e riso,Pasta di semola
De Cecco Cavatappi n°87 500 g,3.4 € / Kg,"0,89€",Pasta e riso,Pasta di semola
De Cecco Fusilli n°34 500 g,3.4 € / Kg,"0,89€",Pasta e riso,Pasta di semola
De Cecco Linguine n°7 500 g,3.4 € / Kg,"0,89€",Pasta e riso,Pasta di semola
De Cecco Mezze Penne Rigate n°141 500 g,3.4 € / Kg,"0,89€",Pasta e riso,Pasta di semola
De Cecco Penne Mezzane Rigate n°241 500 g,3.4 € / Kg,"0,89€",Pasta e riso,Pasta di semola
De Cecco Penne Rigate n°41 500 g,3.4 € / Kg,"0,89€",Pasta e riso,Pasta di semola
De Cecco Rotelle n°54 500 g,3.4 € / Kg,"0,89€",Pasta e riso,Pasta di semola
De Cecco Spaghetti n°12 500 g,3.4 € / Kg,"0,89€",Pasta e riso,Pasta di semola
De Cecco Spaghettini n°11 500 g,3.4 € / Kg,"0,89€",Pasta e riso,Pasta di semola
De Cecco Spaghettoni Quadrati n°413 500 g,3.4 € / Kg,"0,89€",Pasta e riso,Pasta di semola
De Cecco Tortiglioni n°23 500 g,3.4 € / Kg,"0,89€",Pasta e riso,Pasta di semola
Barilla Casarecce n.287 500g,"2,50 € / Kg","1,25€",Pasta e riso,Pasta di semola
Barilla Corallini n. 31 500g,"2,50 € / Kg","1,25€",Pasta e riso,Pasta di semola
Barilla Farfalline n.59 500 g,"2,50 € / Kg","1,25€",Pasta e riso,Pasta di semola
Barilla Linguine n°13 500g,"2,50 € / Kg","1,25€",Pasta e riso,Pasta di semola
Barilla Pasta Al Bronzo Fusilli 100% Grano Italiano 400g,"3,72 € / Kg","1,49€",Pasta e riso,Pasta di semola
Barilla Pasta Al Bronzo Fusilloni 100% Grano Italiano 400g,"3,72 € / Kg","1,49€",Pasta e riso,Pasta di semola
Barilla Pasta Al Bronzo Linguine 100% Grano Italiano 400g,"3,72 € / Kg","1,49€",Pasta e riso,Pasta di semola
Barilla Pasta Al Bronzo Mezze Penne Rigate 100% Grano Italiano 400g,"3,72 € / Kg","1,49€",Pasta e riso,Pasta di semola
Barilla Pasta Al Bronzo Mezzi Rigatoni 100% Grano Italiano 400g,"3,72 € / Kg","1,49€",Pasta e riso,Pasta di semola
Barilla Pasta Al Bronzo Penne Rigate 100% Grano Italiano 400g,"3,72 € / Kg","1,49€",Pasta e riso,Pasta di semola
Barilla Pasta Al Bronzo Spaghetti 100% Grano Italiano 400g,"3,72 € / Kg","1,49€",Pasta e riso,Pasta di semola
Barilla Pasta Al Bronzo Spaghettoni 100% Grano Italiano 400g,"3,72 € / Kg","1,49€",Pasta e riso,Pasta di semola
Barilla Pasta Al Bronzo Tortiglioni 100% Grano Italiano 400g,"3,72 € / Kg","1,49€",Pasta e riso,Pasta di semola
Barilla Pasta Bucatini n.9 100% Grano Italiano 500g,"2,50 € / Kg","1,25€",Pasta e riso,Pasta di semola
Barilla Pasta Capellini n.1 100% Grano Italiano 500g,"2,50 € / Kg","1,25€",Pasta e riso,Pasta di semola
Barilla Pasta Ditalini Rigati n.47 100% Grano Italiano 500g,"2,50 € / Kg","1,25€",Pasta e riso,Pasta di semola
Barilla Pasta Ditaloni Rigati n.49 100% Grano Italiano 500g,"2,50 € / Kg","1,25€",Pasta e riso,Pasta di semola
Barilla Pasta Farfalle n.265 100% Grano Italiano 500g,"2,50 € / Kg","1,25€",Pasta e riso,Pasta di semola
Barilla Pasta Fusilli n.98 100% Grano Italiano 500g,"2,50 € / Kg","1,25€",Pasta e riso,Pasta di semola
Barilla Pasta Mezze Maniche Rigate n.84 100% Grano Italiano 500g,"2,50 € / Kg","1,25€",Pasta e riso,Pasta di semola
Barilla Pasta Mezze Penne Rigate n.70 100% Grano Italiano 500g,"2,50 € / Kg","1,25€",Pasta e riso,Pasta di semola
Barilla Pasta Penne Rigate n.73 100% Grano Italiano 500g,"2,50 € / Kg","1,25€",Pasta e riso,Pasta di semola
Barilla Pasta Pennette Rigate n.72 100% Grano Italiano 500g,"2,50 € / Kg","1,25€",Pasta e riso,Pasta di semola
Barilla Pasta Pipe Rigate n.91 100% Grano Italiano 500g,"2,50 € / Kg","1,25€",Pasta e riso,Pasta di semola
Barilla Pasta Pipette Rigate n.86 100% Grano Italiano 500g,"2,50 € / Kg","1,25€",Pasta e riso,Pasta di semola
Barilla Pasta Rigatoni n.89 100% Grano Italiano 500g,"2,50 € / Kg","1,25€",Pasta e riso,Pasta di semola
Barilla Pasta Sedani Rigati n.94 100% Grano Italiano 500g,"2,50 € / Kg","1,25€",Pasta e riso,Pasta di semola
Barilla Pasta Sedanini Rigati n.53 100% Grano Italiano 500g,"2,50 € / Kg","1,25€",Pasta e riso,Pasta di semola
Barilla Pasta Spaghetti n.5 100% Grano Italiano 500g,"2,50 € / Kg","1,25€",Pasta e riso,Pasta di semola
Barilla Pasta Spaghettini n.3 100% Grano Italiano 500g,"2,50 € / Kg","1,25€",Pasta e riso,Pasta di semola
Barilla Pasta Specialità Cellentani 100% Grano Italiano 500g,"2,38 € / Kg","1,19€",Pasta e riso,Pasta di semola
Barilla Pasta Tortiglioni n.83 100% Grano Italiano 500g,"2,50 € / Kg","1,25€",Pasta e riso,Pasta di semola
Barilla Penne lisce n.71 500g,"2,50 € / Kg","1,25€",Pasta e riso,Pasta di semola
Barilla Piccolini Grano Italiano Mini Farfalle 500g,"2,70 € / Kg","1,35€",Pasta e riso,Pasta di semola
Barilla Piccolini Grano Italiano Mini Penne Rigate 500g,"2,70 € / Kg","1,35€",Pasta e riso,Pasta di semola
Barilla Risoni n°26 500g,"2,50 € / Kg","1,25€",Pasta e riso,Pasta di semola
Barilla Spaghetti Grossi n.7 500 g,"2,50 € / Kg","1,25€",Pasta e riso,Pasta di semola
Barilla Spaghettoni n°8 500g,"2,50 € / Kg","1,25€",Pasta e riso,Pasta di semola
Barilla Specialità Reginette 500 g,"2,38 € / Kg","1,19€",Pasta e riso,Pasta di semola
Barilla Specialità Trofie 500g,"2,38 € / Kg","1,19€",Pasta e riso,Pasta di semola
Barilla Stelline n.27 500g,"2,50 € / Kg","1,25€",Pasta e riso,Pasta di semola
Garofalo Casarecce 88 Pasta di Gragnano IGP 500 g,"3,18 € / Kg","1,59€",Pasta e riso,Pasta di semola
Garofalo Farfalle 78 Pasta di Semola di Grano Duro 500 g,"3,18 € / Kg","1,59€",Pasta e riso,Pasta di semola
Garofalo Fusilli 63 Pasta di Gragnano IGP 500 g,"3,18 € / Kg","1,59€",Pasta e riso,Pasta di semola
Garofalo Fusilli Bucati Corti No. 64 Pasta di Gragnano IGP 500g,"3,18 € / Kg","1,59€",Pasta e riso,Pasta di semola
Garofalo Mezze Maniche Rigate 32 Pasta di Gragnano IGP 500 g,"3,18 € / Kg","1,59€",Pasta e riso,Pasta di semola
Garofalo Pasta Mista 82 Pasta di Gragnano IGP 500 g,"3,18 € / Kg","1,59€",Pasta e riso,Pasta di semola
Garofalo Penne Ziti Rigate 70 Pasta di Gragnano IGP 500 g,"3,18 € / Kg","1,59€",Pasta e riso,Pasta di semola
Garofalo Radiatori 87 Pasta di Gragnano IGP 500 g,"3,18 € / Kg","1,59€",Pasta e riso,Pasta di semola
Garofalo Rigatoni 35 Pasta di Gragnano IGP 500 g,"3,18 € / Kg","1,59€",Pasta e riso,Pasta di semola
Garofalo Spaghetti 9 Pasta di Gragnano IGP 500 g,"3,18 € / Kg","1,59€",Pasta e riso,Pasta di semola
Garofalo Spaghettone Gragnanese XXL 4-23 Pasta di Gragnano IGP 500 g,"3,18 € / Kg","1,59€",Pasta e riso,Pasta di semola
La Molisana 1 Spaghetto Quadrato 500 g,"2,98 € / Kg","1,49€",Pasta e riso,Pasta di semola
La Molisana 108 Fusilli Corti Bucati 500 g,"2,98 € / Kg","1,49€",Pasta e riso,Pasta di semola
La Molisana 15 Spaghetti 500 g,"2,98 € / Kg","1,49€",Pasta e riso,Pasta di semola
La Molisana 20 Penne Rigate 500 g,"2,98 € / Kg","1,49€",Pasta e riso,Pasta di semola
La Molisana 21 Pennoni Rigati 500 g,"2,98 € / Kg","1,49€",Pasta e riso,Pasta di semola
La Molisana 28 Fusilli 500 g,"2,98 € / Kg","1,49€",Pasta e riso,Pasta di semola
La Molisana 32 Mezzi Rigatoni 500 g,"2,98 € / Kg","1,49€",Pasta e riso,Pasta di semola
La Molisana 37 Maccheroni 500 g,"2,98 € / Kg","1,49€",Pasta e riso,Pasta di semola
La Molisana 66 Farfalle Rigate 500 g,"2,98 € / Kg","1,49€",Pasta e riso,Pasta di semola
Rummo Elicoidali N° 49 500 g,"3,18 € / Kg","1,59€",Pasta e riso,Pasta di semola
Rummo Fusilli n° 48 500 g,"3,18 € / Kg","1,59€",Pasta e riso,Pasta di semola
Rummo Linguine n° 13 500 g,"3,18 € / Kg","1,59€",Pasta e riso,Pasta di semola
Rummo Mezze penne rigate n° 28 500 g,"3,18 € / Kg","1,59€",Pasta e riso,Pasta di semola
Rummo Mezzi rigatoni N° 51 500 g,"3,18 € / Kg","1,59€",Pasta e riso,Pasta di semola
Rummo Penne rigate n° 66 500 g,"3,18 € / Kg","1,59€",Pasta e riso,Pasta di semola
Rummo Rigatoni n° 50 500 g,"3,18 € / Kg","1,59€",Pasta e riso,Pasta di semola
Rummo Spaghetti Grossi N°5 500 g,"3,18 € / Kg","1,59€",Pasta e riso,Pasta di semola
Voiello il Fusillo 500g,"3,58 € / Kg","1,79€",Pasta e riso,Pasta di semola
Voiello il Gran Fusillo 500g,"3,58 € / Kg","1,79€",Pasta e riso,Pasta di semola
Voiello il Gran Spaghetto 500 g,"3,58 € / Kg","1,79€",Pasta e riso,Pasta di semola
Voiello il Tortiglione 500g,"3,58 € / Kg","1,79€",Pasta e riso,Pasta di semola
Voiello la Farfalla 500g,"3,58 € / Kg","1,79€",Pasta e riso,Pasta di semola
Voiello la Linguina 500 g,"3,58 € / Kg","1,79€",Pasta e riso,Pasta di semola
Voiello la Mezza Manica Rigata 500g,"3,58 € / Kg","1,79€",Pasta e riso,Pasta di semola
Voiello la Mezza Penna Rigata 500g,"3,58 € / Kg","1,79€",Pasta e riso,Pasta di semola
Voiello la Pipa Rigata 500g,"3,58 € / Kg","1,79€",Pasta e riso,Pasta di semola
Voiello la Tofarella 500g,"3,58 € / Kg","1,79€",Pasta e riso,Pasta di semola
Voiello lo Spaghetto Scanalato 500g,"3,58 € / Kg","1,79€",Pasta e riso,Pasta di semola
Voiello Pasta La Penna Doppia Rigatura N°152 Grano Aureo 100% italiano Trafilata Bronzo 500g,"3,58 € / Kg","1,79€",Pasta e riso,Pasta di semola
Voiello Pasta Lo Spaghetto N°104 Grano Aureo 100% italiano Trafilata Bronzo 500g,"3,58 € / Kg","1,79€",Pasta e riso,Pasta di semola
DIVELLA CANNEROZZETTI 500g,"1,76 € / Kg","0,88€",Pasta e riso,Pasta di semola
DIVELLA FUSILLI 500g,"1,76 € / Kg","0,88€",Pasta e riso,Pasta di semola
DIVELLA LINGUINE 500g,"1,76 € / Kg","0,88€",Pasta e riso,Pasta di semola
DIVELLA MEZZE PENNE RIGATE 500g,"1,76 € / Kg","0,88€",Pasta e riso,Pasta di semola
DIVELLA PENNE ZITI RIGATE 500g,"1,76 € / Kg","0,88€",Pasta e riso,Pasta di semola
DIVELLA PENNONI RIGATI 500g,"1,76 € / Kg","0,88€",Pasta e riso,Pasta di semola
DIVELLA SPAGHETTI RISTORANTE 500g,"1,76 € / Kg","0,88€",Pasta e riso,Pasta di semola
Basmati 500 g Conad,"3,98 € / Kg","1,99€",Pasta e riso,Riso
Basmati Integrale 500 g Conad,"4,20 € / Kg","2,10€",Pasta e riso,Riso
Parboiled Cottura Rapida 8 min 1 kg Conad,"2,89 € / Kg","2,89€",Pasta e riso,Riso
Parboiled Integrale 1 Kg Conad,"2,40 € / Kg","2,40€",Pasta e riso,Riso
Riso integrale biologico g. 500 Verso Natura Bio Conad,"4,38 € / Kg","2,19€",Pasta e riso,Riso
Riso Scotti Riso Integrale Venere 500 g,"6,90 € / Kg","3,45€",Pasta e riso,Riso
Gallo Basmati Profumato da Agricoltura Sostenibile 500 g,"6,58 € / Kg","3,29€",Pasta e riso,Riso
Gallo blond Versatile 1 kg,"4,09 € / Kg","4,09€",Pasta e riso,Riso
Gallo Bontà Pronte da condire Riso Basmati 250 g,"7,56 € / Kg","1,89€",Pasta e riso,Riso
Gallo Bontà Pronte da condire Riso Nero 250 g,"7,56 € / Kg","1,89€",Pasta e riso,Riso
Gallo Bontà Pronte da condire Riso Rosso 220 g,"8,59 € / Kg","1,89€",Pasta e riso,Riso
Gallo Nero Riso Nero Integrale 500 g,"5,98 € / Kg","2,99€",Pasta e riso,Riso
Gallo Rosso Integrale 500 g,"5,98 € / Kg","2,99€",Pasta e riso,Riso
Riso Scotti Basmati Integrale 500 g,"5,90 € / Kg","2,95€",Pasta e riso,Riso
Riso Scotti Gran Rosso Integrale 10' 500 g,"6,18 € / Kg","3,09€",Pasta e riso,Riso
Riso Scotti Integrale 10' Più Gusto e Fibra* 1 kg,"3,19 € / Kg","3,19€",Pasta e riso,Riso
Riso Scotti Oro Insalate Basmati 10' 800 g,"3,86 € / Kg","3,09€",Pasta e riso,Riso
Riso Scotti Sapori&Emozioni Jasmine 500 g,"4,70 € / Kg","2,35€",Pasta e riso,Riso
Arborio 1 kg Conad,"3,19 € / Kg","3,19€",Pasta e riso,Riso
Carnaroli kg 1 Conad,"3,49 € / Kg","3,49€",Pasta e riso,Riso
Originario kg 1 Conad,"2,79 € / Kg","2,79€",Pasta e riso,Riso
Ribe 1 kg Conad,"2,49 € / Kg","2,49€",Pasta e riso,Riso
Riso Arborio Biologico 500 g Verso Natura Bio Conad,"5,98 € / Kg","2,99€",Pasta e riso,Riso
Riso Nano Vialone Veronese IGP 500g Sapori & Dintorni Conad,"4,38 € / Kg","2,19€",Pasta e riso,Riso
Roma kg 1 Conad,"2,89 € / Kg","2,89€",Pasta e riso,Riso
Curtiriso Riso Arborio 2 x 500 g,"3,99 € / Kg","3,99€",Pasta e riso,Riso
Curtiriso Riso Carnaroli 2 x 500 g,"4,89 € / Kg","4,89€",Pasta e riso,Riso
Gran Gallo per Risotti Chicchi Classici 1 kg,"3,49 € / Kg","3,49€",Pasta e riso,Riso
Riso Scotti Arborio 1 kg,"4,09 € / Kg","4,09€",Pasta e riso,Riso
Riso Scotti Carnaroli 1 kg,"4,89 € / Kg","4,89€",Pasta e riso,Riso
Riso Scotti Roma 1 kg,"3,69 € / Kg","3,69€",Pasta e riso,Riso
Parboiled 1 kg Conad,2.8 € / Kg,"2,49€",Pasta e riso,Riso
Parboiled insalate kg.  1 Conad,3.0 € / Kg,"2,49€",Pasta e riso,Riso
Gallo blond Insalate 1 kg,"3,49 € / Kg","3,49€",Pasta e riso,Riso
Gallo blond Risotti 10 minuti 1 kg,"3,59 € / Kg","3,59€",Pasta e riso,Riso
Riso Scotti Oro Classico 1 kg,"3,19 € / Kg","3,19€",Pasta e riso,Riso
Riso Scotti Oro Insalate 10' Riso Superfino 1 kg,"3,09 € / Kg","3,09€",Pasta e riso,Riso
Riso Scotti Oro Insalate con Riso Integrale Venere 10' 800 g,"3,86 € / Kg","3,09€",Pasta e riso,Riso
RISO ARBORIO PRINCIPE SV 1kg,"4,89 € / Kg","4,89€",Pasta e riso,Riso
RISO ARBORIO ROLO SCAT.SV 1kg,"4,29 € / Kg","4,29€",Pasta e riso,Riso
RISO BASMATI PRINCIPE SV 1Kg,"5,49 € / Kg","5,49€",Pasta e riso,Riso
RISO CARNAROLI LAV.ANTICA PRINC.1kg,"5,29 € / Kg","5,29€",Pasta e riso,Riso
RISO CARNAROLI PRINCIPE 1kg,"4,99 € / Kg","4,99€",Pasta e riso,Riso
RISO S.ANDREA LAV.RUVIDA PRINC.1Kg,"3,79 € / Kg","3,79€",Pasta e riso,Riso
RISO VIALONE NANO ZACCHE'SACC.1kg,"4,49 € / Kg","4,49€",Pasta e riso,Riso
RISOTTI CREMOSI SCOTTI 800g,"4,99 € / Kg","3,99€",Pasta e riso,Riso
Alimentum Senza Glutine Penne Rigate con mais e riso integrale 500 g Conad,"3,10 € / Kg","1,55€",Pasta e riso,Pasta speciale
Alimentum Senza Glutine Spaghetti con mais e riso integrale 500 g Conad,"3,10 € / Kg","1,55€",Pasta e riso,Pasta speciale
Fusilli con mais e riso integrale 500 g Alimentum Senza Glutine Conad,"3,10 € / Kg","1,55€",Pasta e riso,Pasta speciale
Barilla Spaghetti n. 5 Senza Glutine 400g,4.5 € / Kg,"1,59€",Pasta e riso,Pasta speciale
Barilla Penne Rigate Senza Glutine 400g,"4,47 € / Kg","1,79€",Pasta e riso,Pasta speciale
Le Veneziane Fettucce 250 g,"7,40 € / Kg","1,85€",Pasta e riso,Pasta speciale
Rummo Gnocchi di Patate 500 g,"2,98 € / Kg","1,49€",Pasta e riso,Pasta speciale
Farfalle Integrali di Farro Biologiche 500 g Verso Natura Bio Conad,"4,98 € / Kg","2,49€",Pasta e riso,Pasta speciale
Penne Rigate Integrali di Farro Biologiche 500 g Verso Natura Bio Conad,"4,98 € / Kg","2,49€",Pasta e riso,Pasta speciale
Spaghetti Integrali di Farro Biologici 500 g Verso Natura Bio Conad,"4,98 € / Kg","2,49€",Pasta e riso,Pasta speciale
Caserecce Integrali 500 g Conad,"1,70 € / Kg","0,85€",Pasta e riso,Pasta speciale
Integrale Farfalle 500 g Conad,"1,70 € / Kg","0,85€",Pasta e riso,Pasta speciale
Integrale Fusilli 500 g Conad,"1,70 € / Kg","0,85€",Pasta e riso,Pasta speciale
Integrale Mezze Penne Rigate 500 g Conad,"1,70 € / Kg","0,85€",Pasta e riso,Pasta speciale
Integrale Mezzi Rigatoni 500 g Conad,"1,70 € / Kg","0,85€",Pasta e riso,Pasta speciale
Integrale Penne Rigate 500 g Conad,"1,70 € / Kg","0,85€",Pasta e riso,Pasta speciale
Spaghetti Integrali 500 g Conad,"1,70 € / Kg","0,85€",Pasta e riso,Pasta speciale
La Molisana integrale 1 Spaghetto Quadrato 500 g,3.7 € / Kg,"0,99€",Pasta e riso,Pasta speciale
La Molisana integrale 20 Penne Rigate 500 g,3.7 € / Kg,"0,99€",Pasta e riso,Pasta speciale
La Molisana integrale 66 Farfalle Rigate 500 g,"3,70 € / Kg","0,99€",Pasta e riso,Pasta speciale
La Molisana integrale 73 Radiatori 500 g,3.7 € / Kg,"0,99€",Pasta e riso,Pasta speciale
Barilla Integrale Fusilli 500 g,"2,58 € / Kg","1,29€",Pasta e riso,Pasta speciale
Barilla Integrale Mezze Penne Rigate 500 g,"2,58 € / Kg","1,29€",Pasta e riso,Pasta speciale
Barilla Integrale Spaghetti 500 g,"2,58 € / Kg","1,29€",Pasta e riso,Pasta speciale
De Cecco Integrale Fusilli n° 34 500 g,"3,90 € / Kg","1,95€",Pasta e riso,Pasta speciale
De Cecco Integrale Mezzi Ditali Rigati n° 159 500 g,"3,90 € / Kg","1,95€",Pasta e riso,Pasta speciale
De Cecco Integrale Penne Rigate n° 41 500 g,"3,90 € / Kg","1,95€",Pasta e riso,Pasta speciale
De Cecco Integrale Spaghetti n° 12 500 g,"3,90 € / Kg","1,95€",Pasta e riso,Pasta speciale
Garofalo Casarecce 5-88 Integrale Biologica 500 g,"3,38 € / Kg","1,69€",Pasta e riso,Pasta speciale
Garofalo Mezze Maniche Rigate 5-32 Integrale Biologica 500 g,"3,38 € / Kg","1,69€",Pasta e riso,Pasta speciale
Garofalo Spaghetti 5-9 Integrale Biologica 500 g,"3,38 € / Kg","1,69€",Pasta e riso,Pasta speciale
Garofalo Stelline 5-103 Integrale Biologica 500 g,"3,38 € / Kg","1,69€",Pasta e riso,Pasta speciale
Voiello il Fusillo Integrale 500g,"3,50 € / Kg","1,75€",Pasta e riso,Pasta speciale
Voiello la Penna Rigata Integrale 500g,"3,50 € / Kg","1,75€",Pasta e riso,Pasta speciale
Voiello lo Spaghetto Integrale 500g,"3,50 € / Kg","1,75€",Pasta e riso,Pasta speciale
BIO PASTA-PASTA DI CECI S/G 250g,"13,16 € / Kg","3,29€",Pasta e riso,Pasta speciale
BIO PASTA-PASTA DI FAGIOLI S/G 250g,"13,16 € / Kg","3,29€",Pasta e riso,Pasta speciale
BIO PASTA-PASTA DI PISELLI S/G 250g,"13,16 € / Kg","3,29€",Pasta e riso,Pasta speciale
BIO PASTA-PASTA LENTIC.ROS.S/G 250g,"13,16 € / Kg","3,29€",Pasta e riso,Pasta speciale
FUSILLI G.SARAC.S/G FELICIA BIO340g,"7,32 € / Kg","2,49€",Pasta e riso,Pasta speciale
FUSILLI RISO INTEG.S/GFELICIABIO340,"7,32 € / Kg","2,49€",Pasta e riso,Pasta speciale
MACCHERONI G.SARAC.BIO S/GL SAR250g,"11,40 € / Kg","2,85€",Pasta e riso,Pasta speciale
PENNE RISO INTEGR.S/G FELICIABIO340,"7,32 € / Kg","2,49€",Pasta e riso,Pasta speciale
SEDANINI LENTC.S/G FELICIA BIO 250g,"10,76 € / Kg","2,69€",Pasta e riso,Pasta speciale
TORTIGLIO.G.SAR.S/G FELICIA BIO340g,"7,32 € / Kg","2,49€",Pasta e riso,Pasta speciale
Schär Rosette 8 x 58 g,"10,20 € / Kg","4,69€",Surgelati e gelati,Pane e impasti surgelati
Pasta Frolla surgelata 500 g Conad,"5,30 € / Kg","2,65€",Surgelati e gelati,Pane e impasti surgelati
Pasta Sfoglia Surgelata 500 g Conad,"4,18 € / Kg","2,09€",Surgelati e gelati,Pane e impasti surgelati
BAGUETTE MIGNON FORNO ROTONDA 500g,"3,90 € / Kg","1,95€",Surgelati e gelati,Pane e impasti surgelati
Code di Gamberi Argentini Surgelate 300 g Conad,"25,30 € / Kg","7,59€",Surgelati e gelati,Pesce al naturale surgelato
Code di Mazzancolle Tropicali Surgelate 400 g Conad,"19,97 € / Kg","7,99€",Surgelati e gelati,Pesce al naturale surgelato
Cozze Cilene Surgelate 250 g Conad,"15,20 € / Kg","3,80€",Surgelati e gelati,Pesce al naturale surgelato
Cuori di Filetto di Merluzzo pescato nell'Oceano Atlantico Surgelati 400 g Conad,"12,48 € / Kg","4,99€",Surgelati e gelati,Pesce al naturale surgelato
Cuori di Filetto di Nasello pescato nell'Oceano Atlantico Surgelati 300 g Conad,"13,30 € / Kg","3,99€",Surgelati e gelati,Pesce al naturale surgelato
Cuori di Filetto di Salmone Selvaggio dell'Alaska Surgelati 2 Cuori 250 g Conad,"27,56 € / Kg","6,89€",Surgelati e gelati,Pesce al naturale surgelato
Cuori di filetto di Tonno a pinne gialle 250 g Conad,"22,00 € / Kg","5,50€",Surgelati e gelati,Pesce al naturale surgelato
Filetti di Branzino surgelati astuccio 250g Conad,"19,56 € / Kg","4,89€",Surgelati e gelati,Pesce al naturale surgelato
Filetti di Cernia Atlantica surgelati g 500 Conad,"19,90 € / Kg","9,95€",Surgelati e gelati,Pesce al naturale surgelato
Filetti di Merluzzo pescati nell'Oceano Atlantico Surgelati 500 g Conad,"8,98 € / Kg","4,49€",Surgelati e gelati,Pesce al naturale surgelato
Filetti di Orata surgelati astuccio 250g Conad,"19,56 € / Kg","4,89€",Surgelati e gelati,Pesce al naturale surgelato
Filetti di Platessa Surgelati 400 g Conad,"22,48 € / Kg","8,99€",Surgelati e gelati,Pesce al naturale surgelato
Filetto di Baccalà dissalato Surgelato 400 g Sapori & Idee Conad,"24,98 € / Kg","9,99€",Surgelati e gelati,Pesce al naturale surgelato
Gamberetti Boreali pescati nell'Oceano Atlantico Nord Orientale Surgelati 200 g Conad,"24,95 € / Kg","4,99€",Surgelati e gelati,Pesce al naturale surgelato
Mazzancolle Tropicali 400 g Conad,"19,75 € / Kg","7,90€",Surgelati e gelati,Pesce al naturale surgelato
Misto Mare preparato per spaghetti e per risotto Surgelato 300 g Conad,"15,67 € / Kg","4,70€",Surgelati e gelati,Pesce al naturale surgelato
Polpi Congelati 500 g Conad,"21,00 € / Kg","10,50€",Surgelati e gelati,Pesce al naturale surgelato
SAPORI & IDEE CONAD Calamari Patagonici Surgelati 400 g,"17,47 € / Kg","6,99€",Surgelati e gelati,Pesce al naturale surgelato
Spiedini di Calamari Patagonici e Gamberi Argentini Surgelati 400 g Sapori & Idee Conad,"22,37 € / Kg","8,95€",Surgelati e gelati,Pesce al naturale surgelato
Vongole del Pacifico Cotte e Sgusciate Surgelate 250 g Conad,"7,96 € / Kg","1,99€",Surgelati e gelati,Pesce al naturale surgelato
Vongole dell'Adriatico al naturale con guscio Surgelate 450 g Sapori & Idee Conad,"12,64 € / Kg","5,69€",Surgelati e gelati,Pesce al naturale surgelato
Arbi Calamari Puliti Congelati 400 g,"18,73 € / Kg","7,49€",Surgelati e gelati,Pesce al naturale surgelato
Arbi Gamberi Argentini interi congelati 400 g,"22,25 € / Kg","8,90€",Surgelati e gelati,Pesce al naturale surgelato
Arbi Gamberi Argentini Sgusciati Congelati Pezzatura XXL 250 g,"35,40 € / Kg","8,85€",Surgelati e gelati,Pesce al naturale surgelato
Arbi Gamberi Sgusciati Prodotto Congelato 400 g,"17,48 € / Kg","6,99€",Surgelati e gelati,Pesce al naturale surgelato
Capitan Findus 2 Fiori di Branzino 200 g,"34,95 € / Kg","6,99€",Surgelati e gelati,Pesce al naturale surgelato
Capitan Findus 2 Fiori di Orata 200 g,"34,95 € / Kg","6,99€",Surgelati e gelati,Pesce al naturale surgelato
Capitan Findus 2 Fiori di Salmone 200 g,"34,95 € / Kg","6,99€",Surgelati e gelati,Pesce al naturale surgelato
Capitan Findus 4 Fiori di Merluzzo 300 g,"24,30 € / Kg","7,29€",Surgelati e gelati,Pesce al naturale surgelato
Capitan Findus 5 Fiori Di Nasello 250 g,"26,36 € / Kg","6,59€",Surgelati e gelati,Pesce al naturale surgelato
Capitan Findus Filetti di Merluzzo 360 g,"23,58 € / Kg","8,49€",Surgelati e gelati,Pesce al naturale surgelato
Capitan Findus Filetti di Platessa 300 g,"29,30 € / Kg","8,79€",Surgelati e gelati,Pesce al naturale surgelato
Frosta Filetti da Pesca Sostenibile Nasello Pescato nel Pacifico 300 g,"23,30 € / Kg","6,99€",Surgelati e gelati,Pesce al naturale surgelato
TROTA SALMONATA OGGI PESCE 250g,"14,76 € / Kg","3,69€",Surgelati e gelati,Pesce al naturale surgelato
MAZZANCOLLE TROPIC SGUSC ARBI 400g,"22,25 € / Kg","8,90€",Surgelati e gelati,Pesce al naturale surgelato
Gli Appetitosi Formaggi   Mozzarella Surgelati 4 Pezzi 266 g Conad,"5,98 € / Kg","1,59€",Surgelati e gelati,Pizzeria e snack surgelati
Gli Appetitosi Funghi   Mozzarella Surgelati 4 Pezzi 266 g Conad,"5,98 € / Kg","1,59€",Surgelati e gelati,Pizzeria e snack surgelati
Gli Appetitosi Pomodoro   Mozzarella Surgelati 4 Pezzi 266 g Conad,"5,98 € / Kg","1,59€",Surgelati e gelati,Pizzeria e snack surgelati
Gli Appetitosi Prosciutto Cotto   Mozzarella Surgelati 4 Pezzi 266 g Conad,"5,98 € / Kg","1,59€",Surgelati e gelati,Pizzeria e snack surgelati
Mozzarelline Panate Surgelate 250 g Conad,"10,20 € / Kg","2,55€",Surgelati e gelati,Pizzeria e snack surgelati
Olive all'Ascolana Surgelate 250 g Conad,"9,56 € / Kg","2,39€",Surgelati e gelati,Pizzeria e snack surgelati
Pizzette Surgelate 250 g Conad,"9,96 € / Kg","2,49€",Surgelati e gelati,Pizzeria e snack surgelati
Salatini Assortiti Surgelati 250 g Conad,"9,96 € / Kg","2,49€",Surgelati e gelati,Pizzeria e snack surgelati
Supplì - pomodoro e mozzarella 315 g Conad,"7,59 € / Kg","2,39€",Surgelati e gelati,Pizzeria e snack surgelati
Righi Erbazzone Reggiano Torta Rustica di Spinaci e Parmigiano Reggiano Porzionato 500 g,"7,58 € / Kg","3,79€",Surgelati e gelati,Pizzeria e snack surgelati
Righi Mini Pizza Margherita Surgelate 9 pezzi 270 g,"10,56 € / Kg","2,85€",Surgelati e gelati,Pizzeria e snack surgelati
Schär Mini Pizza Margherita Lactose Free 4 x 70 g,"16,39 € / Kg","4,59€",Surgelati e gelati,Pizzeria e snack surgelati
Sofficini Findus 4 Sofficini Formaggi Più Mozzarella 250 g,"11,40 € / Kg","2,85€",Surgelati e gelati,Pizzeria e snack surgelati
Sofficini Findus 4 Sofficini Pomodoro più Mozzarella 250 g,"11,40 € / Kg","2,85€",Surgelati e gelati,Pizzeria e snack surgelati
Sofficini Findus 4 Sofficini Pomodoro più Mozzarella Senza Lattosio 250 g,"12,76 € / Kg","3,19€",Surgelati e gelati,Pizzeria e snack surgelati
Sofficini Findus 4 Sofficini Prosciutto più Mozzarella 250 g,"11,40 € / Kg","2,85€",Surgelati e gelati,Pizzeria e snack surgelati
Sofficini Findus 4 Sofficini Ragù Più Mozzarella 250 g,"11,40 € / Kg","2,85€",Surgelati e gelati,Pizzeria e snack surgelati
Sofficini Findus 4 Sofficini Spinaci più Mozzarella 250 g,"11,40 € / Kg","2,85€",Surgelati e gelati,Pizzeria e snack surgelati
4 Mini Pizze Margherita Surgelate 4 x 90 g Conad,"6,08 € / Kg","2,19€",Surgelati e gelati,Pizzeria e snack surgelati
"Asiago DOP e ""Radicchio di Chioggia IGP"" Surgelata 405 g Sapori & Idee Conad","9,63 € / Kg","3,90€",Surgelati e gelati,Pizzeria e snack surgelati
La Saporita Prosciutto Cotto e Funghi 1 Pizza Surgelata 375 g Conad,"7,71 € / Kg","2,89€",Surgelati e gelati,Pizzeria e snack surgelati
"La Saporita Provolone, Mozzarella e Speck 1 Pizza Surgelata 355 g Conad","8,14 € / Kg","2,89€",Surgelati e gelati,Pizzeria e snack surgelati
Margherita 2 Pizze cotte in forno a legna Surgelate 640 g Conad,"5,14 € / Kg","3,29€",Surgelati e gelati,Pizzeria e snack surgelati
Mozzarella Bufala Campana DOP-Prosciutto Cotto-Olive Taggiasche Surgelata 425 g Sapori & Idee Conad,"9,18 € / Kg","3,90€",Surgelati e gelati,Pizzeria e snack surgelati
Pizza ai 4 formaggi surgelata 300 g Conad,"10,67 € / Kg","3,20€",Surgelati e gelati,Pizzeria e snack surgelati
Pizza Integrale con Verdure Grigliate Biologica Surgelata 400 g Verso Natura Bio Conad,"8,22 € / Kg","3,29€",Surgelati e gelati,Pizzeria e snack surgelati
Pizza Margherita di Grano Khorasan Kamut Biologica g 345 Conad,"10,12 € / Kg","3,49€",Surgelati e gelati,Pizzeria e snack surgelati
Pizza Senza Glutine Margherita con mozzarella senza lattosio* Surgelata 350 g Alimentum Conad,"12,26 € / Kg","4,29€",Surgelati e gelati,Pizzeria e snack surgelati
"Spianatina Piccante e ""Cipolla Rossa di Tropea Calabria IGP"" Surgelata 450 g Sapori & Idee Conad","8,67 € / Kg","3,90€",Surgelati e gelati,Pizzeria e snack surgelati
Tonno 1 Pizza Surgelata 355 g La Saporita Conad,"8,14 € / Kg","2,89€",Surgelati e gelati,Pizzeria e snack surgelati
Verdure Grigliate 1 Pizza Surgelata 370 g La Saporita Conad,"7,81 € / Kg","2,89€",Surgelati e gelati,Pizzeria e snack surgelati
Cameo Pizza Regina Alta Margherita 375 g,9.2 € / Kg,"2,29€",Surgelati e gelati,Pizzeria e snack surgelati
BUITONI Bella Napoli Diavola Pizza surgelata con Salame Piccante (1 pizza) 430 g,"11,60 € / Kg","4,99€",Surgelati e gelati,Pizzeria e snack surgelati
BUITONI Bella Napoli Margherita Pizza surgelata con Pomodoro e Fiordilatte (1 pizza) 400 g,"11,98 € / Kg","4,79€",Surgelati e gelati,Pizzeria e snack surgelati
BUITONI Pizza alla Seconda Margherita Pizza surgelata (2 tranci) 650g,"8,14 € / Kg","5,29€",Surgelati e gelati,Pizzeria e snack surgelati
Cameo Big Americans Supreme 455 g,"7,58 € / Kg","3,45€",Surgelati e gelati,Pizzeria e snack surgelati
Cameo Pizza Regina Classica 2 Pizze Margherita 2 x 310 g,"8,85 € / Kg","5,49€",Surgelati e gelati,Pizzeria e snack surgelati
Cameo Pizza Regina Fresca di Forno Margherita 365 g,"7,08 € / Kg","2,69€",Surgelati e gelati,Pizzeria e snack surgelati
Cameo Ristorante Pizza ai Funghi 365 g,"10,24 € / Kg","3,89€",Surgelati e gelati,Pizzeria e snack surgelati
Cameo Ristorante Pizza ai Quattro Formaggi 340 g,"11,02 € / Kg","3,89€",Surgelati e gelati,Pizzeria e snack surgelati
Cameo Ristorante Pizza al Tonno 355 g,"10,37 € / Kg","3,89€",Surgelati e gelati,Pizzeria e snack surgelati
Cameo SpeedyPizza margherita 4 x 75 g,"11,97 € / Kg","3,59€",Surgelati e gelati,Pizzeria e snack surgelati
Italpizza 26x38 Margherita 485 g,"9,88 € / Kg","4,79€",Surgelati e gelati,Pizzeria e snack surgelati
Italpizza 26x38 Prosciutto & Funghi 570 g,"10,09 € / Kg","5,75€",Surgelati e gelati,Pizzeria e snack surgelati
ERBAZZONE FATTORIA ITALIA 500g,"9,18 € / Kg","4,59€",Surgelati e gelati,Pizzeria e snack surgelati
ERBAZZONE PORZ.FATT.ITALIA 500g,"9,18 € / Kg","4,59€",Surgelati e gelati,Pizzeria e snack surgelati
FARINATA DI CECI ZANINI 320g,"11,72 € / Kg","3,75€",Surgelati e gelati,Pizzeria e snack surgelati
LA CARCIOFINA FATT.ITALIA 500g,"9,18 € / Kg","4,59€",Surgelati e gelati,Pizzeria e snack surgelati
FOCACCIA LIGURE FORMAG.ZANINI 300g,"16,63 € / Kg","4,99€",Surgelati e gelati,Pizzeria e snack surgelati
12 Bastoncini 100% filetti di merluzzo Surgelati 300 g Conad,"8,30 € / Kg","2,49€",Surgelati e gelati,Preparati di pesce surgelati
18 Bastoncini 100% filetti di merluzzo Surgelati 450 g Conad,"7,76 € / Kg","3,49€",Surgelati e gelati,Preparati di pesce surgelati
2 Burger di Pesce Surgelati 230 g Conad,"9,96 € / Kg","2,29€",Surgelati e gelati,Preparati di pesce surgelati
4 Croccanti Filetti di Merluzzo Surgelati 400 g Conad,"11,22 € / Kg","4,49€",Surgelati e gelati,Preparati di pesce surgelati
6 Bastoncini 100% filetti di merluzzo Surgelati 150 g Conad,"12,60 € / Kg","1,89€",Surgelati e gelati,Preparati di pesce surgelati
CONAD Anelli di Totano pastellati Surgelati 250 g,"12,72 € / Kg","3,18€",Surgelati e gelati,Preparati di pesce surgelati
"CONAD Misto Mare pastellato gamberi, calamari e filetti di merluzzo Surgelato 300 g","14,50 € / Kg","4,35€",Surgelati e gelati,Preparati di pesce surgelati
Filetti di Platessa Impanati Surgelati 400 g Conad,"14,72 € / Kg","5,89€",Surgelati e gelati,Preparati di pesce surgelati
Capitan Findus Fish Bar 2 Fish & Chips Burger 227 g,18.8 € / Kg,"2,14€",Surgelati e gelati,Preparati di pesce surgelati
Capitan Findus Fish Bar 2 Fish Burger 227 g,18.8 € / Kg,"2,14€",Surgelati e gelati,Preparati di pesce surgelati
Arbi Happy Hour Filetti di Alici 180 g,"18,83 € / Kg","3,39€",Surgelati e gelati,Preparati di pesce surgelati
Capitan Findus 12 Bastoncini di Merluzzo 300 g,"16,63 € / Kg","4,99€",Surgelati e gelati,Preparati di pesce surgelati
Capitan Findus 18 Bastoncini con 100% Filetti di Merluzzo 450 g,"15,53 € / Kg","6,99€",Surgelati e gelati,Preparati di pesce surgelati
Capitan Findus 3 Croccole agli Spinaci con 100% Filetti di Merluzzo 300 g,"19,97 € / Kg","5,99€",Surgelati e gelati,Preparati di pesce surgelati
Capitan Findus 3 Croccole ai Semi con 100% Filetti di Merluzzo 300 g,"19,97 € / Kg","5,99€",Surgelati e gelati,Preparati di pesce surgelati
Capitan Findus 4 Croccole di Merluzzo 400 g,"18,73 € / Kg","7,49€",Surgelati e gelati,Preparati di pesce surgelati
Capitan Findus Filetti di Platessa Impanati 250 g,"27,16 € / Kg","6,79€",Surgelati e gelati,Preparati di pesce surgelati
Capitan Findus Fish Bar Anelli di Totano in Pastella 225 g,"22,18 € / Kg","4,99€",Surgelati e gelati,Preparati di pesce surgelati
Capitan Findus Fish Bar Fiori di Merluzzo D'Alaska in Pastella 240 g,"20,79 € / Kg","4,99€",Surgelati e gelati,Preparati di pesce surgelati
Capitan Findus Fish Bar Fish & Crock Merluzzo D'Alaska con Patatine Croccanti 250g,"19,96 € / Kg","4,99€",Surgelati e gelati,Preparati di pesce surgelati
Capitan Findus Fish Bar Nuggets di Merluzzo D'Alaska 245g,"20,37 € / Kg","4,99€",Surgelati e gelati,Preparati di pesce surgelati
Frosta 15 Bastoncini di Filetti di Merluzzo 450 g,"13,31 € / Kg","5,99€",Surgelati e gelati,Preparati di pesce surgelati
Hamburger di sola carne bovina Surgelati 4 x 100 g Conad,"13,72 € / Kg","5,49€",Surgelati e gelati,Piatti pronti
Aia Cordon Bleu di Pollo con Cotto di Tacchino e Formaggio surgelato 2 pezzi 240 g,12.4 € / Kg,"1,79€",Surgelati e gelati,Piatti pronti
Aia Cotolette di Pollo surgelato 3 pezzi 280 g,10.7 € / Kg,"1,79€",Surgelati e gelati,Piatti pronti
"Aia Spinacine Originali Cotoletta con Pollo, Tacchino e Spinaci surgelato 3 pezzi 300 g","9,97 € / Kg","2,99€",Surgelati e gelati,Piatti pronti
Capitan Findus 10 Bastoncini di Merluzzo Senza Glutine 300 g,"16,63 € / Kg","4,99€",Surgelati e gelati,Piatti pronti
Capitan Findus 2 Croccole Senza Glutine con 100% Filetti di Merluzzo 250 g,"19,96 € / Kg","4,99€",Surgelati e gelati,Piatti pronti
Carletto Findus Chicken Nuggets 250 g,"15,96 € / Kg","3,99€",Surgelati e gelati,Piatti pronti
Findus Green Cuisine 2 Burger Vegetali 200 g,"22,45 € / Kg","4,49€",Surgelati e gelati,Piatti pronti
Findus Green Cuisine Polpette Vegetali 200 g,"22,45 € / Kg","4,49€",Surgelati e gelati,Piatti pronti
Kioene gli essenziali Burger agli spinaci 2 Burger Surgelati 160 g,"16,19 € / Kg","2,59€",Surgelati e gelati,Piatti pronti
Kioene gli essenziali Burger ai ceci 2 Burger Surgelati 160 g,"16,19 € / Kg","2,59€",Surgelati e gelati,Piatti pronti
Valsoia Bontà e Salute Burger vegetariani 2 Burger Surgelati 150 g,"17,93 € / Kg","2,69€",Surgelati e gelati,Piatti pronti
Valsoia Bontà e Salute Cotolette Vegetariane - 2 Cotolette Surgelate 200 g,"14,95 € / Kg","2,99€",Surgelati e gelati,Piatti pronti
Melanzane alla Parmigiana Surgelate 300 g Conad,"11,33 € / Kg","3,40€",Surgelati e gelati,Piatti pronti
Patate al Rosmarino surgelate 450 g Conad,"4,64 € / Kg","2,09€",Surgelati e gelati,Piatti pronti
Piselli con Prosciutto Cotto Affumicato Surgelati 450 g Conad,"6,64 € / Kg","2,99€",Surgelati e gelati,Piatti pronti
Spinaci con Mozzarella Surgelati 450 g Conad,"5,98 € / Kg","2,69€",Surgelati e gelati,Piatti pronti
Bonduelle Coccole 8 Tortini di Broccoli e Carote Surgelato 300 g,"10,17 € / Kg","3,05€",Surgelati e gelati,Piatti pronti
"Bonduelle Coccole 8 Tortini di Spinaci, Fagiolini e Broccoli Surgelato 300 g","10,17 € / Kg","3,05€",Surgelati e gelati,Piatti pronti
Bonduelle Coccole 8 Tortini di Zucca e Carote Surgelato 300 g,"10,17 € / Kg","3,05€",Surgelati e gelati,Piatti pronti
4 Salti in Padella Findus Contorno Mediterraneo 450 g,"10,20 € / Kg","4,59€",Surgelati e gelati,Piatti pronti
4 Salti in Padella Findus Patate Saporite 450 g,"10,20 € / Kg","4,59€",Surgelati e gelati,Piatti pronti
4 Salti in Padella Findus Piselli Fantasia 450 g,"10,20 € / Kg","4,59€",Surgelati e gelati,Piatti pronti
4 Salti in Padella Findus Spinaci Filanti 450 g,"10,20 € / Kg","4,59€",Surgelati e gelati,Piatti pronti
La Valle Degli Orti Contorno Ortolano 400 g,"8,22 € / Kg","3,29€",Surgelati e gelati,Piatti pronti
McCain Kid Smile 650 g,"4,91 € / Kg","3,19€",Surgelati e gelati,Piatti pronti
McCain Mediterranean Potatoes 750 g,"4,25 € / Kg","3,19€",Surgelati e gelati,Piatti pronti
"Orogel Crea Tu Mix di melanzane, olive e pomodorini semidry Surgelati 320 g","11,84 € / Kg","3,79€",Surgelati e gelati,Piatti pronti
"Orogel Crea Tu Mix di peperoni, zucchine e melanzane grigliate Surgelati 320 g","11,84 € / Kg","3,79€",Surgelati e gelati,Piatti pronti
Orogel La Cucina Italiana Friarielli Gusto Ricco Surgelati 400 g,"8,22 € / Kg","3,29€",Surgelati e gelati,Piatti pronti
Orogel La Cucina Italiana Patate e carciofi Surgelati 400 g,"9,62 € / Kg","3,85€",Surgelati e gelati,Piatti pronti
Cannelloni al ragù di carne 500 g Conad,"6,78 € / Kg","3,39€",Surgelati e gelati,Piatti pronti
Gnocchetti alla sorrentina surgelati 550 g Conad,"5,62 € / Kg","3,09€",Surgelati e gelati,Piatti pronti
Lasagne al ragù di carne 500 g Conad,"6,78 € / Kg","3,39€",Surgelati e gelati,Piatti pronti
Linguine allo Scoglio Surgelate 600 g Conad,"8,32 € / Kg","4,99€",Surgelati e gelati,Piatti pronti
Paella di mare surgelata 600 g Conad,"6,65 € / Kg","3,99€",Surgelati e gelati,Piatti pronti
Passato di Verdure Surgelato 600 g Conad,"3,82 € / Kg","2,29€",Surgelati e gelati,Piatti pronti
Ravioli Ricotta e Spinaci al Pomodoro Surgelati 600 g Conad,"6,65 € / Kg","3,99€",Surgelati e gelati,Piatti pronti
Tagliatelle ai Funghi Porcini e Champignon Surgelate 550 g Conad,"7,62 € / Kg","4,19€",Surgelati e gelati,Piatti pronti
Vellutata di Zucca e Carote Surgelata 600 g Conad,"4,32 € / Kg","2,59€",Surgelati e gelati,Piatti pronti
"Zuppa con Legumi, Orzo e Farro Surgelata 600 g Conad","4,32 € / Kg","2,59€",Surgelati e gelati,Piatti pronti
4 Salti in Padella Findus Bucatini all'Amatriciana 550 g,"11,80 € / Kg","6,49€",Surgelati e gelati,Piatti pronti
4 Salti in Padella Findus Gnocchetti alla Sorrentina 550 g,"7,25 € / Kg","3,99€",Surgelati e gelati,Piatti pronti
4 Salti in Padella Findus Linguine allo Scoglio 550 g,"11,80 € / Kg","6,49€",Surgelati e gelati,Piatti pronti
4 Salti in Padella Findus Pappardelle al Ragù di Cinghiale 550 g,"11,80 € / Kg","6,49€",Surgelati e gelati,Piatti pronti
4 Salti in Padella Findus Penne Tricolore 550 g,"7,25 € / Kg","3,99€",Surgelati e gelati,Piatti pronti
4 Salti in Padella Findus Tagliatelle ai funghi porcini e champignon 550 g,"11,80 € / Kg","6,49€",Surgelati e gelati,Piatti pronti
Findus Cremosa Piselli e Zucchine 600 g,"6,48 € / Kg","3,89€",Surgelati e gelati,Piatti pronti
Findus Cremosa Zucca e Carote 600 g,"6,48 € / Kg","3,89€",Surgelati e gelati,Piatti pronti
Frosta Lasagne alla Bolognese 600 g,"8,82 € / Kg","5,29€",Surgelati e gelati,Piatti pronti
Frosta Paella 500 g,"9,98 € / Kg","4,99€",Surgelati e gelati,Piatti pronti
Frosta Risotto di Mare 550 g,"10,89 € / Kg","5,99€",Surgelati e gelati,Piatti pronti
La Valle Degli Orti Zuppa alla Toscana 450 g,"7,00 € / Kg","3,15€",Surgelati e gelati,Piatti pronti
Orogel Il Benessere Verdurì Leggerezza Surgelati 600 g,"5,32 € / Kg","3,19€",Surgelati e gelati,Piatti pronti
Orogel Il Benessere Verdurì Verdure Scelte Surgelati 600 g,"4,75 € / Kg","2,85€",Surgelati e gelati,Piatti pronti
Orogel Il Benessere Virtù di Zuppa Ogni Giorno con Verdure e Legumi Surgelati 500 g,"5,98 € / Kg","2,99€",Surgelati e gelati,Piatti pronti
Filetto di Branzino con verdure grigliate Surgelato 250 g Conad,"21,80 € / Kg","5,45€",Surgelati e gelati,Piatti pronti
Filetto di Merluzzo d'Alaska Gratinato con pomodoro e basilico Surgelato 400 g Conad,"8,22 € / Kg","3,29€",Surgelati e gelati,Piatti pronti
Filetto di Orata alla ligure surgelato 250 g Conad,"21,80 € / Kg","5,45€",Surgelati e gelati,Piatti pronti
Zuppa di Pesce e Frutti di Mare Surgelata 550 g Conad,"10,89 € / Kg","5,99€",Surgelati e gelati,Piatti pronti
4 Salti in Padella Findus Pollo alla Diavola con Patate 500 g,"11,98 € / Kg","5,99€",Surgelati e gelati,Piatti pronti
Capitan Findus I Gratinati Merluzzo d'Alaska con Erbe Mediterranee 380 g,"17,34 € / Kg","6,59€",Surgelati e gelati,Piatti pronti
Capitan Findus I Gratinati Merluzzo d'Alaska con Patate e Rosmarino 380 g,"17,34 € / Kg","6,59€",Surgelati e gelati,Piatti pronti
Capitan Findus I Gratinati Merluzzo d'Alaska con Pomodoro e Basilico 380 g,"17,34 € / Kg","6,59€",Surgelati e gelati,Piatti pronti
Capitan Findus I Gratinati Salmone con Melanzane e Pomodori 280 g,"23,54 € / Kg","6,59€",Surgelati e gelati,Piatti pronti
Capitan Findus Platessa alla Mugnaia con Limone e Prezzemolo 250 g,"25,96 € / Kg","6,49€",Surgelati e gelati,Piatti pronti
Frosta Bistecca di Merluzzo Grigliata Olio Extra Vergine di Oliva e Rucola 250 g,"19,96 € / Kg","4,99€",Surgelati e gelati,Piatti pronti
Frosta Cacciucco 450 g,"13,31 € / Kg","5,99€",Surgelati e gelati,Piatti pronti
Frosta Filetti di Merluzzo alla Mugnaia 220 g,"19,50 € / Kg","4,29€",Surgelati e gelati,Piatti pronti
Frosta Filetti di Merluzzo Grigliati Olio Extra Vergine di Oliva e Erbe Aromatiche 230 g,"23,00 € / Kg","5,29€",Surgelati e gelati,Piatti pronti
Frosta Filetti Gustosi di Merluzzo d'Alaska con Patate e Pomodori 320 g,"17,19 € / Kg","5,50€",Surgelati e gelati,Piatti pronti
Frosta Polpette di Pesce Merluzzo dalla Norvegia 240 g,"24,79 € / Kg","5,95€",Surgelati e gelati,Piatti pronti
PENNE ALL'ARRABBIATA ARTICA 300g,"8,30 € / Kg","2,49€",Surgelati e gelati,Piatti pronti
PENNETTE AL SALMONE ARTICA 300g,"9,97 € / Kg","2,99€",Surgelati e gelati,Piatti pronti
SPAGHETTI CACIO E PEPE ARTICA 300g,"11,83 € / Kg","3,55€",Surgelati e gelati,Piatti pronti
SPAGHETTI CARBONARA ARTICA 300g,"9,97 € / Kg","2,99€",Surgelati e gelati,Piatti pronti
ZUPPA BIO ORZO/FARRO SARTOR 600g,"8,25 € / Kg","4,95€",Surgelati e gelati,Piatti pronti
MINI WURS POL/TAC PATATE SARTOR450g,"11,76 € / Kg","5,29€",Surgelati e gelati,Piatti pronti
TRIPPA PRECOTTA SILCA 600g,"14,92 € / Kg","8,95€",Surgelati e gelati,Piatti pronti
Sugo alle Vongole Surgelato 450 g Conad,9.3 € / Kg,"3,35€",Surgelati e gelati,Sughi e salse
Sugo allo Scoglio Surgelato 450 g Conad,9.3 € / Kg,"3,35€",Surgelati e gelati,Sughi e salse
Arbi Condiscampi 300 g,"18,30 € / Kg","5,49€",Surgelati e gelati,Sughi e salse
Arbi Condiscoglio al Pomodoro 450 g,"10,64 € / Kg","4,79€",Surgelati e gelati,Sughi e salse
Esca Condipresto Sugo Pronto ai Gamberi 400 g,"11,98 € / Kg","4,79€",Surgelati e gelati,Sughi e salse
Esca Condipresto Sugo Pronto alle Cozze 450 g,"11,00 € / Kg","4,95€",Surgelati e gelati,Sughi e salse
Esca Condipresto Sugo Pronto allo Scoglio 450 g,"10,64 € / Kg","4,79€",Surgelati e gelati,Sughi e salse
Esca Condipresto Sugo Pronto Mare e Monti 400 g,"11,98 € / Kg","4,79€",Surgelati e gelati,Sughi e salse
Esca Condipresto Sugo Pronto per Risotto e Spaghetti 450 g,"10,64 € / Kg","4,79€",Surgelati e gelati,Sughi e salse
Carotine Surgelate 450 g Conad,"4,42 € / Kg","1,99€",Surgelati e gelati,Vegetali surgelati
CONAD Percorso Qualità Aglio a cubetti Surgelato 100 g,"16,90 € / Kg","1,69€",Surgelati e gelati,Vegetali surgelati
CONAD Percorso Qualità Basilico tritato Surgelato 50 g,"19,80 € / Kg","0,99€",Surgelati e gelati,Vegetali surgelati
CONAD Percorso Qualità Biete Erbette in cubetti Surgelate 1 kg,"2,69 € / Kg","2,69€",Surgelati e gelati,Vegetali surgelati
CONAD Percorso Qualità Broccoli Surgelati 600 g,"4,75 € / Kg","2,85€",Surgelati e gelati,Vegetali surgelati
CONAD Percorso Qualità Cipolla a cubetti Surgelata 150 g,"7,67 € / Kg","1,15€",Surgelati e gelati,Vegetali surgelati
CONAD Percorso Qualità Fagioli Borlotti 450 g,"4,42 € / Kg","1,99€",Surgelati e gelati,Vegetali surgelati
CONAD Percorso Qualità Fagiolini Finissimi Surgelati 600 g,"2,98 € / Kg","1,79€",Surgelati e gelati,Vegetali surgelati
CONAD Percorso Qualità Misto per Soffritto Surgelato 150 g,"7,67 € / Kg","1,15€",Surgelati e gelati,Vegetali surgelati
CONAD Percorso Qualità Piselli Finissimi Surgelati 300 g,"4,63 € / Kg","1,39€",Surgelati e gelati,Vegetali surgelati
CONAD Percorso Qualità Prezzemolo tritato Surgelato 75 g,"15,33 € / Kg","1,15€",Surgelati e gelati,Vegetali surgelati
CONAD Percorso Qualità Zucchine a rondelle Surgelate 450 g,"3,98 € / Kg","1,79€",Surgelati e gelati,Vegetali surgelati
Contorno Fantasia di Verdure Surgelato 450 g Piacersi Conad,"5,22 € / Kg","2,35€",Surgelati e gelati,Vegetali surgelati
Contorno misto di verdure surgelato 450 g Piacersi Conad,"5,22 € / Kg","2,35€",Surgelati e gelati,Vegetali surgelati
Cuori di Carciofo tagliati a metà Surgelati 450 g Conad,"9,53 € / Kg","4,29€",Surgelati e gelati,Vegetali surgelati
Fagiolini Finissimi Biologici Surgelati 450 g Verso Natura Bio Conad,"4,64 € / Kg","2,09€",Surgelati e gelati,Vegetali surgelati
Fave Surgelate 450 g Conad,"4,20 € / Kg","1,89€",Surgelati e gelati,Vegetali surgelati
Funghi Champignon a fette Surgelati 450 g Conad,"4,56 € / Kg","2,05€",Surgelati e gelati,Vegetali surgelati
Minestrone 12 Verdure Biologico Surgelato 450 g Verso Natura Bio Conad,"4,42 € / Kg","1,99€",Surgelati e gelati,Vegetali surgelati
Minestrone di Legumi Surgelato 600 g Conad,"4,15 € / Kg","2,49€",Surgelati e gelati,Vegetali surgelati
Minestrone di Verdure con 15 Verdure Surgelato 1 kg Conad,"2,49 € / Kg","2,49€",Surgelati e gelati,Vegetali surgelati
Minestrone Leggero Surgelato 750 g Piacersi Conad,"3,32 € / Kg","2,49€",Surgelati e gelati,Vegetali surgelati
Misto Funghi Surgelati 1 kg Conad,"4,49 € / Kg","4,49€",Surgelati e gelati,Vegetali surgelati
Misto Funghi Surgelati 300 g Conad,"7,63 € / Kg","2,29€",Surgelati e gelati,Vegetali surgelati
Patate a Fette con Buccia Surgelate 600 g Conad,"3,98 € / Kg","2,39€",Surgelati e gelati,Vegetali surgelati
Patate a Spicchi Surgelate 750 g Conad,"3,05 € / Kg","2,29€",Surgelati e gelati,Vegetali surgelati
Patate Novelle Surgelate 750 g Conad,"3,99 € / Kg","2,99€",Surgelati e gelati,Vegetali surgelati
Patate taglio rustico da Forno Surgelate 600 g Conad,"3,32 € / Kg","1,99€",Surgelati e gelati,Vegetali surgelati
Patatine da Forno Surgelate 1 kg Conad,"2,99 € / Kg","2,99€",Surgelati e gelati,Vegetali surgelati
Patatine da Friggere Surgelate 1 Kg Conad,"2,89 € / Kg","2,89€",Surgelati e gelati,Vegetali surgelati
Piacersi Contorno Julienne di Verdure Surgelato 450 g Conad,"5,22 € / Kg","2,35€",Surgelati e gelati,Vegetali surgelati
Piselli Fini Biologici Surgelati 450 g Verso Natura Bio Conad,"4,64 € / Kg","2,09€",Surgelati e gelati,Vegetali surgelati
Piselli fini surgelati kg.  1 Conad,"2,49 € / Kg","2,49€",Surgelati e gelati,Vegetali surgelati
Piselli Finissimi Surgelati 750g Conad,"3,72 € / Kg","2,79€",Surgelati e gelati,Vegetali surgelati
Punte di asparagi surgelate 300 g Conad,"13,30 € / Kg","3,99€",Surgelati e gelati,Vegetali surgelati
SAPORI & IDEE CONAD Funghi Porcini a Cubetti Surgelati 300 g,"15,30 € / Kg","4,59€",Surgelati e gelati,Vegetali surgelati
SAPORI & IDEE CONAD Funghi Porcini a Fette Surgelati 200 g,"22,95 € / Kg","4,59€",Surgelati e gelati,Vegetali surgelati
Spinaci in cubetti Surgelati 1 kg Conad,"2,49 € / Kg","2,49€",Surgelati e gelati,Vegetali surgelati
Spinaci in Foglie Biologici Surgelati 450 g Verso Natura Bio Conad,"4,42 € / Kg","1,99€",Surgelati e gelati,Vegetali surgelati
Spinaci in Soffici Foglie Surgelati 600 g Conad,"3,32 € / Kg","1,99€",Surgelati e gelati,Vegetali surgelati
Orogel Cubello Spinaci Foglia Più Surgelati 900 g,"3,88 € / Kg","3,49€",Surgelati e gelati,Vegetali surgelati
Pizzoli PataSnella Patatine 1 Kg,3.4 € / Kg,"1,99€",Surgelati e gelati,Vegetali surgelati
Bonduelle Natura in Padella Fagiolini e patate Surgelato 450 g,"4,64 € / Kg","2,09€",Surgelati e gelati,Vegetali surgelati
Bonduelle Natura in Padella Piselli e carotine Surgelato 450 g,"4,64 € / Kg","2,09€",Surgelati e gelati,Vegetali surgelati
Bonduelle Natura in padella Taccole 450 g,"4,64 € / Kg","2,09€",Surgelati e gelati,Vegetali surgelati
Findus Ciuffetti di Spinaci Primavera 800 g,"3,99 € / Kg","3,19€",Surgelati e gelati,Vegetali surgelati
Findus Cuori di Carciofi Primavera 250 g,"15,16 € / Kg","3,79€",Surgelati e gelati,Vegetali surgelati
Findus Fagiolini Primavera 600 g,"6,65 € / Kg","3,99€",Surgelati e gelati,Vegetali surgelati
Findus Minestrone Tradizione - con Verdure IGP e DOP 1000 g,"4,29 € / Kg","4,29€",Surgelati e gelati,Vegetali surgelati
Findus Minestrone Tradizione - con Verdure IGP e DOP 400 g,"5,22 € / Kg","2,09€",Surgelati e gelati,Vegetali surgelati
Findus Minestrone Tradizione 5 Minuti - con Verdure IGP e DOP 600 g,"5,82 € / Kg","3,49€",Surgelati e gelati,Vegetali surgelati
Findus Piselli Novelli 1000 g,"4,80 € / Kg","4,80€",Surgelati e gelati,Vegetali surgelati
Findus Piselli Novelli 450 g,"4,42 € / Kg","1,99€",Surgelati e gelati,Vegetali surgelati
La Valle Degli Orti la Fantasia di Funghi 300 g,"13,30 € / Kg","3,99€",Surgelati e gelati,Vegetali surgelati
La Valle Degli Orti Minestrone Classico 400 g,"5,62 € / Kg","2,25€",Surgelati e gelati,Vegetali surgelati
McCain Chef Gourmet 500 g,"6,18 € / Kg","3,09€",Surgelati e gelati,Vegetali surgelati
McCain Forno Country 650 g,"4,91 € / Kg","3,19€",Surgelati e gelati,Vegetali surgelati
McCain Forno Express 500 g,"6,18 € / Kg","3,09€",Surgelati e gelati,Vegetali surgelati
McCain Golden Long 750 g,"3,85 € / Kg","2,89€",Surgelati e gelati,Vegetali surgelati
"McCain le Patatine Originali 1,04 kg","3,16 € / Kg","3,29€",Surgelati e gelati,Vegetali surgelati
Orogel Buon Minestrone Surgelati 750 g,"4,65 € / Kg","3,49€",Surgelati e gelati,Vegetali surgelati
Orogel Cavolfiore a Rosette Surgelati 450 g,"5,00 € / Kg","2,25€",Surgelati e gelati,Vegetali surgelati
Orogel Cavolfiore Romanesco a Rosette Surgelati 400 g,"8,25 € / Kg","3,30€",Surgelati e gelati,Vegetali surgelati
Orogel Cavolini di Bruxelles Teneri e Interi Surgelati 450 g,"5,31 € / Kg","2,39€",Surgelati e gelati,Vegetali surgelati
Orogel Cubello Cime di Rapa Foglia Più Surgelati 600 g,"4,97 € / Kg","2,98€",Surgelati e gelati,Vegetali surgelati
Orogel Finocchi a fette Surgelati 400 g,"5,98 € / Kg","2,39€",Surgelati e gelati,Vegetali surgelati
Orogel Il Benessere Leggerezza Minestrone Surgelati 750 g,"4,39 € / Kg","3,29€",Surgelati e gelati,Vegetali surgelati
Orogel Il Benessere Leggerezza Surgelati 450 g,"6,78 € / Kg","3,05€",Surgelati e gelati,Vegetali surgelati
Orogel Il Benessere Misto Benessere Surgelati 450 g,"5,98 € / Kg","2,69€",Surgelati e gelati,Vegetali surgelati
Orogel Il Benessere Soia Edamame surgelati 330 g,"9,06 € / Kg","2,99€",Surgelati e gelati,Vegetali surgelati
Orogel Il Benessere Tricolore Surgelati 450 g,"6,42 € / Kg","2,89€",Surgelati e gelati,Vegetali surgelati
Orogel Il Benessere Verdure Campagnole Surgelati 450 g,"5,76 € / Kg","2,59€",Surgelati e gelati,Vegetali surgelati
Orogel Le Erbe Aromatiche Misto per Soffritto Surgelati 300 g,"6,97 € / Kg","2,09€",Surgelati e gelati,Vegetali surgelati
Orogel Le Erbe Aromatiche Scalogno Surgelati 100 g,"14,90 € / Kg","1,49€",Surgelati e gelati,Vegetali surgelati
Orogel Spinaci tritati in Comode Gocce Surgelati 450 g,"5,09 € / Kg","2,29€",Surgelati e gelati,Vegetali surgelati
Orogel TantoCuore Carciofi Spicchi Surgelati 300 g,"12,30 € / Kg","3,69€",Surgelati e gelati,Vegetali surgelati
Orogel Zucca a Cubetti Surgelati 450 g,"5,53 € / Kg","2,49€",Surgelati e gelati,Vegetali surgelati
"Pizzoli Le patatine selezione oro 2,5 kg","2,06 € / Kg","5,15€",Surgelati e gelati,Vegetali surgelati
Pizzoli PataSnella Barchette 600 g,"4,82 € / Kg","2,89€",Surgelati e gelati,Vegetali surgelati
Pizzoli PataSnella Ultra Veloci 5 minuti in forno 500 g,"5,98 € / Kg","2,99€",Surgelati e gelati,Vegetali surgelati
Pizzoli PataSnella Una Tira l'Altra 600 g,"4,82 € / Kg","2,89€",Surgelati e gelati,Vegetali surgelati
Pizzoli We Love Croccanti 750 g,"3,85 € / Kg","2,89€",Surgelati e gelati,Vegetali surgelati
Contorno Misto Grigliato Surgelato 450 g Conad,"5,31 € / Kg","2,39€",Surgelati e gelati,Vegetali surgelati
Melanzane Grigliate Surgelate 450 g Conad,"5,98 € / Kg","2,69€",Surgelati e gelati,Vegetali surgelati
Mini Crocchette di Patate Surgelate 450 g Conad,"3,76 € / Kg","1,69€",Surgelati e gelati,Vegetali surgelati
Mix di Verdure in Pastella Surgelato 450 g Conad,"7,76 € / Kg","3,49€",Surgelati e gelati,Vegetali surgelati
Bonduelle Natura in Padella Melanzane e zucchine grigliate con carote e pomodori Surgelato 450 g,"6,64 € / Kg","2,99€",Surgelati e gelati,Vegetali surgelati
La Valle Degli Orti Bastoncini di Verdure con Edam 300 g,"5,63 € / Kg","1,69€",Surgelati e gelati,Vegetali surgelati
Orogel i Grigliati Peperoni Arrostiti Senza Pelle Surgelati 400 g,"10,72 € / Kg","4,29€",Surgelati e gelati,Vegetali surgelati
Orogel i Grigliati Tris Grigliato Surgelati 450 g,"9,76 € / Kg","4,39€",Surgelati e gelati,Vegetali surgelati
Orogel La Cucina Italiana Gran Fritto Pastellato Surgelati 450 g,"8,87 € / Kg","3,99€",Surgelati e gelati,Vegetali surgelati
Orogel La Cucina Italiana Tris Grigliato Surgelati 250 g,"9,96 € / Kg","2,49€",Surgelati e gelati,Vegetali surgelati
Orogel La Cucina Italiana Zucchine grigliate Gusto Ricco Surgelati 400 g,"8,98 € / Kg","3,59€",Surgelati e gelati,Vegetali surgelati
FRAGOLE BIO ASIAGO FOOD 300g,"8,63 € / Kg","2,59€",Surgelati e gelati,Vegetali surgelati
MISTO FUNGHI TRIFOLATI SARTOR 300g,"16,50 € / Kg","4,95€",Surgelati e gelati,Vegetali surgelati
Alimentum Senza Glutine Coni Gelato alla panna senza lattosio* 4 Coni 300 g Conad,"11,97 € / Kg","3,59€",Surgelati e gelati,Gelati
"Bisco Gelato Vaniglia, Cacao, Zabaione 6 Pezzi 480 g Conad","7,06 € / Kg","3,39€",Surgelati e gelati,Gelati
Biscotto - ripieno di gelato alla vaniglia 8 pezzi g.  400 Conad,"6,72 € / Kg","2,69€",Surgelati e gelati,Gelati
Biscotto Gelato senza lattosio* 6 Gelati 300 g Alimentum Senza Glutine Conad,"11,30 € / Kg","3,39€",Surgelati e gelati,Gelati
Coni Mini 8 Pezzi 320 g Conad,"14,03 € / Kg","4,49€",Surgelati e gelati,Gelati
Cono Caffè 6 gelati 450 g Conad,"6,64 € / Kg","2,99€",Surgelati e gelati,Gelati
Cono gelato - Panna & Pistacchio di Sicilia 300g Sapori & Idee Conad,"11,63 € / Kg","3,49€",Surgelati e gelati,Gelati
Cono gelato Panna & Frutti Rossi g 300 Sapori & Idee Conad,"11,63 € / Kg","3,49€",Surgelati e gelati,Gelati
Cono Miniature 6 panna e 6 cioccolato 12 pz g. 225 Conad,"17,73 € / Kg","3,99€",Surgelati e gelati,Gelati
Cono Panna 6 gelati 450 g Conad,"6,64 € / Kg","2,99€",Surgelati e gelati,Gelati
Cono Panna e Cioccolato 6 gelati 450 g Conad,"6,64 € / Kg","2,99€",Surgelati e gelati,Gelati
Coppa Caffè 4 x 70 g Conad,"9,64 € / Kg","2,70€",Surgelati e gelati,Gelati
Disco Snack Vaniglia 8 Gelati 280 g Conad,"8,89 € / Kg","2,49€",Surgelati e gelati,Gelati
"Ghiaccioli Menta, Limone, Amarena e Arancia 10 Ghiaccioli 650 g Conad","3,83 € / Kg","2,49€",Surgelati e gelati,Gelati
"Ghiaccioli Menta, Limone, Amarena, Arancia, Cedro e Cola 24 Ghiaccioli 1560 g Conad","3,07 € / Kg","4,79€",Surgelati e gelati,Gelati
Gran Stecco alle Mandorle 4 pezzi 328 g Conad,"8,51 € / Kg","2,79€",Surgelati e gelati,Gelati
Gran Stecco Classico 4 Pezzi 316 g Conad,"8,83 € / Kg","2,79€",Surgelati e gelati,Gelati
Lemonlik 6 x 80 g Conad,"4,77 € / Kg","2,29€",Surgelati e gelati,Gelati
Mini Biscotto Ripieno di Gelato Stracciatella Ricoperto di Cacao Magro Nocciole 6 Pezzi 330 g Conad,"9,06 € / Kg","2,99€",Surgelati e gelati,Gelati
Mini Fantasie 9 Pezzi 300 g Conad,"10,97 € / Kg","3,29€",Surgelati e gelati,Gelati
Mini Stecchi con Yogurt Magro 6 Gelati 240 g Conad,"12,46 € / Kg","2,99€",Surgelati e gelati,Gelati
Mini Stecco Doppia Copertura Cioccolato Caramello 6 pezzi 300 g Conad,"9,97 € / Kg","2,99€",Surgelati e gelati,Gelati
"Mini Stecco Mandorle, Bianco e Latte 6 gelati 300 g Conad","9,97 € / Kg","2,99€",Surgelati e gelati,Gelati
Pralinato 6 x 60 g Conad,"8,31 € / Kg","2,99€",Surgelati e gelati,Gelati
Ricoperto - gelato alla panna ricoperto al cacao magro 6 pezzi g.  270 Conad,"8,11 € / Kg","2,19€",Surgelati e gelati,Gelati
Sorbetti con 50% di Frutta ai frutti di bosco 6 Pezzi 330 g Conad,"12,42 € / Kg","4,10€",Surgelati e gelati,Gelati
Stecco gelato - Panna & Pistacchio di Sicilia 260g Sapori & Idee Conad,"13,42 € / Kg","3,49€",Surgelati e gelati,Gelati
Stecco gelato Panna & Caramello Salato g 260 Sapori & Idee Conad,"13,42 € / Kg","3,49€",Surgelati e gelati,Gelati
Stecco Gelato Panna & Mandorla D'Avola g 260 Sapori & Idee Conad,"13,42 € / Kg","3,49€",Surgelati e gelati,Gelati
Ferrero Pocket Coffee espresso 4 x 41 g,"27,38 € / Kg","3,59€",Surgelati e gelati,Gelati
Ferrero Rocher Classic Gelato 4 x 50 g,22.4 € / Kg,"3,59€",Surgelati e gelati,Gelati
Magnum mini Classic Almond White Chocolate 6 Gelati 266 g,18.3 € / Kg,"3,79€",Surgelati e gelati,Gelati
Magnum mini Pistacchio Nocciola 6 Gelati 267 g,18.2 € / Kg,"3,79€",Surgelati e gelati,Gelati
Maxibon Classic 4 biscotti,11.8 € / Kg,"2,99€",Surgelati e gelati,Gelati
NESTLÉ Maxibon Cereal Mix 4 x 60 g,20.8 € / Kg,"3,29€",Surgelati e gelati,Gelati
NESTLÉ Maxibon Choco Brownie 4 x 58 g,20.8 € / Kg,"3,29€",Surgelati e gelati,Gelati
NESTLÉ Maxibon Cookie Choco Chips 4 x 60 g,20.8 € / Kg,"3,29€",Surgelati e gelati,Gelati
NESTLÉ Maxibon Waffle Blonde Caramel 4 x 60 g,20.8 € / Kg,"3,29€",Surgelati e gelati,Gelati
PIRULO Tropical Mini 6 x 50 g,11.5 € / Kg,"2,59€",Surgelati e gelati,Gelati
Raffaello 4 x 47 g,23.9 € / Kg,"3,59€",Surgelati e gelati,Gelati
Sammontana Cinque Stelle Caramello salato 6 x 60 g,13.8 € / Kg,"3,39€",Surgelati e gelati,Gelati
Sammontana Cinque Stelle Cioccolato 6 x 60 g,13.8 € / Kg,"3,39€",Surgelati e gelati,Gelati
Sammontana Cinque Stelle Croccantino 6 x 75 g,11.1 € / Kg,"3,39€",Surgelati e gelati,Gelati
Sammontana Cinque Stelle Panna 6 x 75 g,11.1 € / Kg,"3,39€",Surgelati e gelati,Gelati
Sammontana Cinque Stelle Stracciatella 6 x 60 g,13.8 € / Kg,"3,39€",Surgelati e gelati,Gelati
Algida Croccante 8 x 58 g,"12,05 € / Kg","5,59€",Surgelati e gelati,Gelati
Algida Cucciolone Classico 6 x 80 g,"9,69 € / Kg","4,65€",Surgelati e gelati,Gelati
Algida l'Originale Cucciolone Classico 6 x 480 g,"10,40 € / Kg","4,99€",Surgelati e gelati,Gelati
Algida Liuk 8 x 79 g,"9,00 € / Kg","5,69€",Surgelati e gelati,Gelati
Bounty Ice Cream 4 x 39.1 g,"21,68 € / Kg","3,39€",Surgelati e gelati,Gelati
Cornetto Algida Classico 6 x 75 g,"13,31 € / Kg","5,99€",Surgelati e gelati,Gelati
Cornetto Algida Classico 8 x 60 g,"13,52 € / Kg","6,49€",Surgelati e gelati,Gelati
Cornetto Algida Cuore Croccante con cuore di cacao e scaglie di cioccolato fondente 6 x 60 g,"18,03 € / Kg","6,49€",Surgelati e gelati,Gelati
Cornetto Algida mini Classico 8 x 36 g,"17,33 € / Kg","4,99€",Surgelati e gelati,Gelati
Cornetto Algida Senza Glutine 5 x 75 g,"11,97 € / Kg","4,49€",Surgelati e gelati,Gelati
Cornetto Algida Sud Stellati Marianna Vitale 4 x 57 g,"22,59 € / Kg","5,15€",Surgelati e gelati,Gelati
Cornetto Mini Classico 8 x 36 g,"19,10 € / Kg","5,50€",Surgelati e gelati,Gelati
Estathé Ice limone 5 x 70 g,"10,54 € / Kg","3,69€",Surgelati e gelati,Gelati
Estathé Ice menta e lime 5 x 70 g,"10,54 € / Kg","3,69€",Surgelati e gelati,Gelati
Ferrero Rocher White 4 x 50 g,"22,45 € / Kg","4,49€",Surgelati e gelati,Gelati
Ferrero Rondnoir 4 x 50 g,"22,45 € / Kg","4,49€",Surgelati e gelati,Gelati
Gocciole Gelato 4 pacchetti 360 g,"12,47 € / Kg","4,49€",Surgelati e gelati,Gelati
Kinder bueno White 4 x 62 g,"18,10 € / Kg","4,49€",Surgelati e gelati,Gelati
Kinder Chocolate ice cream 4 x 38 g,"24,93 € / Kg","3,79€",Surgelati e gelati,Gelati
Loacker Gelato Biscotto Latte Alpino 4 x 66 g,"16,25 € / Kg","4,29€",Surgelati e gelati,Gelati
Loacker Gelato Biscotto Napolitaner 4 x 66 g,"16,25 € / Kg","4,29€",Surgelati e gelati,Gelati
Magnum Almond 4 x 82 g,"17,65 € / Kg","5,79€",Surgelati e gelati,Gelati
Magnum Classic 4 x 79 g,"18,32 € / Kg","5,79€",Surgelati e gelati,Gelati
"Magnum Double Starchaser Chocolate, Caramel, Popcorn Flavour 3 x 72 g","26,81 € / Kg","5,79€",Surgelati e gelati,Gelati
"Magnum Double Sunlover White Chocolate, Mango, Coconut 3 x 75 g","22,71 € / Kg","5,79€",Surgelati e gelati,Gelati
"Magnum mini Double Caramel Chocolate 6 x 47,5 g","16,30 € / Kg","4,89€",Surgelati e gelati,Gelati
Magnum mini White Chocolate White Chocolate Almond 6 gelati 267 g,"18,31 € / Kg","4,89€",Surgelati e gelati,Gelati
Magnum Remix mini Nocciola 6 x 44 g,"18,52 € / Kg","4,89€",Surgelati e gelati,Gelati
Magnum White Chocolate 4 x 79 g,"18,32 € / Kg","5,79€",Surgelati e gelati,Gelati
Mars Ice Cream 4 x 41.8 g,"20,28 € / Kg","3,39€",Surgelati e gelati,Gelati
MOTTA Coppa del Nonno Macchiato al Caramello 4 x 68 g,"12,46 € / Kg","3,39€",Surgelati e gelati,Gelati
Mulino Bianco Baiocchi Biscotto con Cremoso Gelato con Nocciole e Cacao 8 x 40 g,"14,03 € / Kg","4,49€",Surgelati e gelati,Gelati
NESTLÉ Maxibon Cono di Croccante Biscotto Nocciola 4 x 71 g,"19,33 € / Kg","5,49€",Surgelati e gelati,Gelati
NESTLÉ Maxibon Cono di Croccante Biscotto Vaniglia e Caramello 4 x 71 g,"19,33 € / Kg","5,49€",Surgelati e gelati,Gelati
NESTLÉ Maxibon Mini Classic 6 x 54 g,"13,24 € / Kg","4,29€",Surgelati e gelati,Gelati
NUII Caramello Salato e Noci Macadamia Australiane x4,"16,88 € / Kg","4,59€",Surgelati e gelati,Gelati
NUII Cioccolato al Latte e Nocciole Tostate Italiane 4 x 68 g,"16,88 € / Kg","4,59€",Surgelati e gelati,Gelati
NUII New York Cookies e Panna 4 x 67 g,"17,13 € / Kg","4,59€",Surgelati e gelati,Gelati
Pan di Stelle il Biscotto Gelato 8 x 40 g,"14,03 € / Kg","4,49€",Surgelati e gelati,Gelati
Ringo Vaniglia 4 x 80 g,"14,03 € / Kg","4,49€",Surgelati e gelati,Gelati
Sammontana Amando 4 Biscotti gelato alla Vaniglia variegati ai Frutti di Bosco 4 x 52 g,"18,22 € / Kg","3,79€",Surgelati e gelati,Gelati
"Sammontana Amando 6 Stecchi, Frutti Rossi, Pesca, Mela e Kiwi 6 x 55 g","11,48 € / Kg","3,79€",Surgelati e gelati,Gelati
Sammontana Coppa d'Oro Amarena Fabbri 4 x 90 g,"10,25 € / Kg","3,69€",Surgelati e gelati,Gelati
Sammontana Coppa d'Oro Cioccolato 4 x 90 g,"10,25 € / Kg","3,69€",Surgelati e gelati,Gelati
"Sammontana Dadaumpa ghiaccioli vintage Cedrata, Granatina, Chinotto, Anice 8 x 62 g","6,03 € / Kg","2,99€",Surgelati e gelati,Gelati
Sammontana Gruvi Mitico Croccantino 4 x 60 g,"18,71 € / Kg","4,49€",Surgelati e gelati,Gelati
Sammontana Gruvi Pistacchio Sincero 4 x 60 g,"18,71 € / Kg","4,49€",Surgelati e gelati,Gelati
Valsoia Bontà e Salute il gelato 3 Stecchi 250 g,"13,16 € / Kg","3,29€",Surgelati e gelati,Gelati
Valsoia Bontà e Salute il gelato 8 Sandwich 8 x 40 g,"10,28 € / Kg","3,29€",Surgelati e gelati,Gelati
I Dessert Bon Bon Gusti Assortiti 12 gelati 120 g Conad,"30,75 € / Kg","3,69€",Surgelati e gelati,Gelati
I Dessert Sfoglia Gelato alla Crema e Cioccolato con Cereali 320 g Conad,"7,78 € / Kg","2,49€",Surgelati e gelati,Gelati
I Dessert Sfoglia Gelato alla Vaniglia e Cacao Magro 320 g Conad,"7,78 € / Kg","2,49€",Surgelati e gelati,Gelati
Tartufo Bianco Panna e Caffè 2 x 95 g Sapori & Idee Conad,"14,68 € / Kg","2,79€",Surgelati e gelati,Gelati
Tartufo Nero Cioccolato e Crema Chantilly 2 x 95 g Sapori & Idee Conad,"14,68 € / Kg","2,79€",Surgelati e gelati,Gelati
Torta Gelato al Gusto di Vaniglia e al Cacao 750 g i Dessert Conad,"7,32 € / Kg","5,49€",Surgelati e gelati,Gelati
MOTTA Coppa del Nonno Chicchi al Caffè 220 g,16.6 € / Kg,"2,59€",Surgelati e gelati,Gelati
Magnum bomboniera Classic 12 Gelati 104 g,"27,79 € / Kg","2,89€",Surgelati e gelati,Gelati
Gelato al Cioccolato con Cacao della Repubblica Dominicana 300 g Sapori & Idee Conad,"10,97 € / Kg","3,29€",Surgelati e gelati,Gelati
Gelato al Fiordilatte 100% Italiano 300 g Sapori & Idee Conad,"10,97 € / Kg","3,29€",Surgelati e gelati,Gelati
Gelato al Pistacchio 100% Italiano 300 g Sapori & Idee Conad,"10,97 € / Kg","3,29€",Surgelati e gelati,Gelati
Gelato alla Nocciola 100% Italiana 300 g Sapori & Idee Conad,"10,97 € / Kg","3,29€",Surgelati e gelati,Gelati
Gelato alla Vaniglia del Madagascar 300 g Sapori & Idee Conad,"10,97 € / Kg","3,29€",Surgelati e gelati,Gelati
"Gli Assortiti Caffè, Nocciola e Stracciatella 1 kg Conad","4,49 € / Kg","4,49€",Surgelati e gelati,Gelati
"Gli Assortiti Crema, Cacao e Spagnola 1 kg Conad","4,49 € / Kg","4,49€",Surgelati e gelati,Gelati
"Gli Assortiti Zabaione, Cacao e Panna Cotta 1 kg Conad","4,49 € / Kg","4,49€",Surgelati e gelati,Gelati
I Capricci Caffè e Crema al Torroncino 200 g Conad,"8,45 € / Kg","1,69€",Surgelati e gelati,Gelati
I Capricci Panna Cotta al Caramello 200 g Conad,"8,45 € / Kg","1,69€",Surgelati e gelati,Gelati
I Capricci Pistacchio e Gianduia 200 g Conad,"8,45 € / Kg","1,69€",Surgelati e gelati,Gelati
I Capricci Triplo Cioccolato 200 g Conad,"8,45 € / Kg","1,69€",Surgelati e gelati,Gelati
I Capricci Vaniglia del Madagascar e Frutti Rossi 200 g Conad,"8,45 € / Kg","1,69€",Surgelati e gelati,Gelati
I Classici Fragola e Limone 500 g Conad,"5,78 € / Kg","2,89€",Surgelati e gelati,Gelati
I Classici Nocciola 500 g Conad,"5,78 € / Kg","2,89€",Surgelati e gelati,Gelati
I Classici Stracciatella 500 g Conad,"5,78 € / Kg","2,89€",Surgelati e gelati,Gelati
I Classici Yogurt e Frutti di Bosco 500 g Conad,"5,78 € / Kg","2,89€",Surgelati e gelati,Gelati
I Cremosi Affogato al Caffè 500 g Conad,"5,90 € / Kg","2,95€",Surgelati e gelati,Gelati
I Cremosi Affogato al Cioccolato 500 g Conad,"5,90 € / Kg","2,95€",Surgelati e gelati,Gelati
I Cremosi Pistacchio Affogato al Gianduia 500 g Conad,"5,90 € / Kg","2,95€",Surgelati e gelati,Gelati
I Cremosi Sorbetto al Limone 500 g Conad,"5,90 € / Kg","2,95€",Surgelati e gelati,Gelati
I Cremosi Spagnola 500 g Conad,"5,90 € / Kg","2,95€",Surgelati e gelati,Gelati
I Cremosi Tiramisù 500 g Conad,"5,90 € / Kg","2,95€",Surgelati e gelati,Gelati
Panna vaschetta g.  500 Conad,"5,78 € / Kg","2,89€",Surgelati e gelati,Gelati
Sorbetto al Limone di Sicilia 300 g Sapori & Idee Conad,"10,97 € / Kg","3,29€",Surgelati e gelati,Gelati
Yogurt e Mirtillo con Gocce di Meringa 200 g i Capricci Conad,"8,45 € / Kg","1,69€",Surgelati e gelati,Gelati
Sammontana Barattolino Delizie di Nocciola 500 g,9.3 € / Kg,"2,99€",Surgelati e gelati,Gelati
Sammontana Barattolino Delizie l'Amarena di Coppa d'Oro 500 g,9.3 € / Kg,"2,99€",Surgelati e gelati,Gelati
Sammontana Barattolino Delizie Vaniglia e Pistacchio 500 g,9.3 € / Kg,"2,99€",Surgelati e gelati,Gelati
Carte d'Or Affogato al Cioccolato 500 g,"11,58 € / Kg","5,79€",Surgelati e gelati,Gelati
Carte d'Or Affogato al Pistacchio 500 g,"11,58 € / Kg","5,79€",Surgelati e gelati,Gelati
Carte d'Or Affogato all'Amarena Spagnola 500 g,"11,58 € / Kg","5,79€",Surgelati e gelati,Gelati
Carte d'Or Affogato alla Gianduia Nocciolato 500 g,"11,58 € / Kg","5,79€",Surgelati e gelati,Gelati
Carte d'Or Crema Variegata alla Fragola con Pezzetti di Biscotto 500 g,"9,38 € / Kg","4,69€",Surgelati e gelati,Gelati
Carte D'Or Panna 500 g,"9,38 € / Kg","4,69€",Surgelati e gelati,Gelati
Carte D'Or Stracciatella 500 g,"9,38 € / Kg","4,69€",Surgelati e gelati,Gelati
Carte D'Or Tiramisù 500 g,"9,38 € / Kg","4,69€",Surgelati e gelati,Gelati
Häagen-Dazs Macadamia Nut Brittle 400 g,"16,48 € / Kg","6,59€",Surgelati e gelati,Gelati
Häagen-Dazs Salted Caramel 400 g,"16,48 € / Kg","6,59€",Surgelati e gelati,Gelati
Sammontana Amando Gelato alla Vaniglia variegato al Cacao e Nocciola 400 g,"9,48 € / Kg","3,79€",Surgelati e gelati,Gelati
Sammontana Barattolino Classici Crema 500 g,"7,98 € / Kg","3,99€",Surgelati e gelati,Gelati
Sammontana Barattolino Classici Croccantino 500 g,"7,98 € / Kg","3,99€",Surgelati e gelati,Gelati
Sammontana Barattolino Classici Panna 500 g,"7,98 € / Kg","3,99€",Surgelati e gelati,Gelati
Sammontana Barattolino Classici Vaniglia e Cioccolato 500 g,"7,98 € / Kg","3,99€",Surgelati e gelati,Gelati
Valsoia Bontà e Salute il gelato Affogato Amarena 500 g,"7,98 € / Kg","3,99€",Surgelati e gelati,Gelati
Valsoia Bontà e Salute il gelato Bianco Cacao 500 g,"7,98 € / Kg","3,99€",Surgelati e gelati,Gelati
12 GHIACCIOLI INDIANINO 900g,"3,10 € / Kg","2,79€",Surgelati e gelati,Gelati
4 CORNETTO DESIRE LIM.ED.ALGID 228g,"22,59 € / Kg","5,15€",Surgelati e gelati,Gelati
4 SORB IN FLUTES LIMONE G.ITAL 260g,"10,96 € / Kg","2,85€",Surgelati e gelati,Gelati
CUBETTI DI GHIACCIO POLO NORD 2Kg,"1,00 € / Kg","1,99€",Surgelati e gelati,Gelati
TORTA MERINGATA DOLCEZZE VEN.450g,"13,22 € / Kg","5,95€",Surgelati e gelati,Gelati
VASC MACADAMIA NUT HAAGEN-DAZS 400g,"16,98 € / Kg","6,79€",Surgelati e gelati,Gelati
VASC SALTED CARAMEL HAAGEN-DAZS400g,"16,98 € / Kg","6,79€",Surgelati e gelati,Gelati
VASCHETTA CARAMELLO SALATO G7 500g,"7,38 € / Kg","3,69€",Surgelati e gelati,Gelati
VASCHETTA VANIGLIA HAAGEN-DAZS400g,"16,98 € / Kg","6,79€",Surgelati e gelati,Gelati
Croissant Albicocca Congelati 6 x 65 g Conad,"6,90 € / Kg","2,69€",Surgelati e gelati,Surgelati e gelati
Croissant Senza Farcitura congelati 6 pezzi 360 g Conad,"7,47 € / Kg","2,69€",Surgelati e gelati,Surgelati e gelati
La Pasticceria Profiteroles Surgelati 600 g Conad,"12,42 € / Kg","7,45€",Surgelati e gelati,Surgelati e gelati
La Pasticceria Saint Honoré Surgelata 500 g Conad,"14,90 € / Kg","7,45€",Surgelati e gelati,Surgelati e gelati
La Pasticceria Tiramisù Surgelato 480 g Conad,"14,56 € / Kg","6,99€",Surgelati e gelati,Surgelati e gelati
Strudel di Mele Surgelato 600 g Sapori & Idee Conad,"8,98 € / Kg","5,39€",Surgelati e gelati,Surgelati e gelati
Cameo My Sweet Deli Cheesecake Fragola 550 g,"10,89 € / Kg","5,99€",Surgelati e gelati,Surgelati e gelati
Cameo My Sweet Deli Torta Mousse au chocolat 600 g,"13,15 € / Kg","7,89€",Surgelati e gelati,Surgelati e gelati
Tre Marie Fagottino al cioccolato con Gocce di Cioccolato Fondente 6 x 65 g,"11,67 € / Kg","4,55€",Surgelati e gelati,Surgelati e gelati
Insalata capricciosa 200g Conad,"5,45 € / Kg","1,09€",Piatti pronti,Antipasti
Insalata Russa 200 g Conad,"5,45 € / Kg","1,09€",Piatti pronti,Antipasti
"Viva la Mamma Insalata con Pollo Farro, Legumi e Carote 220 g","14,32 € / Kg","3,15€",Piatti pronti,Antipasti
Arturo Vogliazzi Insalata Capricciosa 150 g,"8,60 € / Kg","1,29€",Piatti pronti,Antipasti
Giravolte Crocca&Fila Prosciutto cotto Mozzarella filante 2 x 85 g,"16,41 € / Kg","2,79€",Piatti pronti,Antipasti
Insalata di Mare 150 g Gustosamente Conad,28.2 € / Kg,"3,39€",Piatti pronti,Antipasti
Sashimi di Salmone Affumicato Norvegese Limone e pepe rosa 100 g Sapori & Idee Conad,74.7 € / Kg,"5,90€",Piatti pronti,Antipasti
Gamberetti in Salamoia 230 g Conad,"18,22 € / Kg","4,19€",Piatti pronti,Antipasti
Salmone Affumicato Norvegese 100 g Conad,"64,90 € / Kg","6,49€",Piatti pronti,Antipasti
Salmone Affumicato Norvegese 200 g Conad,"54,50 € / Kg","10,90€",Piatti pronti,Antipasti
Salmone Affumicato Norvegese 50 g Conad,"69,80 € / Kg","3,49€",Piatti pronti,Antipasti
Salmone Affumicato Scozzese Fetta Lunga 100 g Conad,"69,90 € / Kg","6,99€",Piatti pronti,Antipasti
Salmone Affumicato Sockeye Selvaggio dell'Alaska 100 g Sapori & Idee Conad,"76,90 € / Kg","7,69€",Piatti pronti,Antipasti
Uova di lompo nere 50g Conad,"51,80 € / Kg","2,59€",Piatti pronti,Antipasti
Uova di Lompo rosse 50 g Conad,"51,80 € / Kg","2,59€",Piatti pronti,Antipasti
"Riunione Pesce Spada Top Quality Pesce Spada Affumicato 0,100 kg",70.8 € / Kg,"5,31€",Piatti pronti,Antipasti
"Riunione Tonno Top Quality Tonno Affumicato 0,100 kg",61.9 € / Kg,"4,64€",Piatti pronti,Antipasti
Coraya Affettato di Mare 120 g,"18,25 € / Kg","2,19€",Piatti pronti,Antipasti
Coraya Bastoncini di Mare 12 Bastoncini 180 g,"16,61 € / Kg","2,99€",Piatti pronti,Antipasti
KV Nordic Salmone Norvegese Affumicato 50 g,"88,00 € / Kg","4,40€",Piatti pronti,Antipasti
Rosa del Nord Salmone Affumicato 150 g,"39,33 € / Kg","5,90€",Piatti pronti,Antipasti
SALMONE NORV.AFF ESSENTIA MOWI 200g,54.3 € / Kg,"7,49€",Piatti pronti,Antipasti
ALICI CANTABRICO MARINATE RIZZ 80g,"49,88 € / Kg","3,99€",Piatti pronti,Antipasti
CARP.SALM.NORV.FT.LUNGA FUMARA 100g,"69,90 € / Kg","6,99€",Piatti pronti,Antipasti
FILETT.ACCIUGHE PEPER.PESCATRICE80g,"49,88 € / Kg","3,99€",Piatti pronti,Antipasti
FILETT.ACCIUGHE PREZZ.PESCATRICE80g,"49,88 € / Kg","3,99€",Piatti pronti,Antipasti
FILETT.ACCIUGHE SICIL.PESCATRICE80g,"49,88 € / Kg","3,99€",Piatti pronti,Antipasti
MAZZANCOLLE TROP ATM SALSEAFOOD125g,"46,32 € / Kg","5,79€",Piatti pronti,Antipasti
PESCE SPADA AFFUMICATO SCANDIA 200g,"84,50 € / Kg","16,90€",Piatti pronti,Antipasti
SALM.SCOZZ.AFF.F.LUNGA FUMARA 100g,"78,90 € / Kg","7,89€",Piatti pronti,Antipasti
SALMONE SCOZZESE MC RIVER 100g,"79,90 € / Kg","7,99€",Piatti pronti,Antipasti
CONAD Cous Cous 200 g,"0,00 € / Kg","1,99€",Piatti pronti,Primi piatti
CONAD Farro e Orzo con Verdure 200 g,"0,00 € / Kg","1,99€",Piatti pronti,Primi piatti
CONAD Minestrone con Riso Integrale 350 g,"0,00 € / Kg","1,99€",Piatti pronti,Primi piatti
CONAD Minestrone di Verdure 620 g,"0,00 €/Kg","2,99€",Piatti pronti,Primi piatti
CONAD Passato di Verdure 620 g,"0,00 €/Kg","2,99€",Piatti pronti,Primi piatti
CONAD Vellutata agli Asparagi 620 g,"0,00 €/Kg","2,99€",Piatti pronti,Primi piatti
CONAD Vellutata ai Carciofi 620 g,"0,00 €/Kg","2,99€",Piatti pronti,Primi piatti
CONAD Zuppa alla Toscana 620 g,"0,00 €/Kg","2,99€",Piatti pronti,Primi piatti
CONAD Zuppa Contadina 620 g,"0,00 €/Kg","2,99€",Piatti pronti,Primi piatti
Giovanni Rana Lasagne alla Bolognese 350 g,"14,26 € / Kg","4,99€",Piatti pronti,Primi piatti
Giovanni Rana Lasagne Ricotta e Spinaci 350 g,"14,26 € / Kg","4,99€",Piatti pronti,Primi piatti
Viva la Mamma Cannelloni Ricotta Spinaci 350 g,"13,40 € / Kg","4,69€",Piatti pronti,Primi piatti
Viva la Mamma Lasagne al Ragù 400 g,"11,23 € / Kg","4,49€",Piatti pronti,Primi piatti
Viva la Mamma Mezzi Paccheri Pomodoro e Mozzarella 220 g,"17,68 € / Kg","3,89€",Piatti pronti,Primi piatti
Viva la Mamma Risotto con Asparagi 250 g,"15,41 € / Kg","3,39€",Piatti pronti,Primi piatti
Viva la Mamma Risotto con Funghi Porcini 250 g,"13,56 € / Kg","3,39€",Piatti pronti,Primi piatti
Viva la Mamma Spaghetti Cacio e Pepe 220 g,"17,68 € / Kg","3,89€",Piatti pronti,Primi piatti
Risotto agli Asparagi 175 g Conad,"7,71 € / Kg","1,35€",Piatti pronti,Primi piatti
Risotto ai Funghi Porcini 175 g Conad,"7,71 € / Kg","1,35€",Piatti pronti,Primi piatti
Risotto ai Funghi Porcini e Zafferano 175 g Conad,"7,71 € / Kg","1,35€",Piatti pronti,Primi piatti
Risotto al Radicchio e Speck 175 g Conad,"7,71 € / Kg","1,35€",Piatti pronti,Primi piatti
Risotto alla Milanese 175 g Conad,"7,71 € / Kg","1,35€",Piatti pronti,Primi piatti
Risotto alla Pescatora 175 g Conad,"7,71 € / Kg","1,35€",Piatti pronti,Primi piatti
Risotto alla zucca 175 g Conad,"7,71 € / Kg","1,35€",Piatti pronti,Primi piatti
Risotto alle Zucchine e Gamberetti 175 g Conad,"7,71 € / Kg","1,35€",Piatti pronti,Primi piatti
Gallo Risotto Perfetto Asparagi 175 g,"11,14 € / Kg","1,95€",Piatti pronti,Primi piatti
"Gallo Risotto Perfetto Radicchio Riso Integrale, Orzo e Farro 175 g","11,14 € / Kg","1,95€",Piatti pronti,Primi piatti
Knorr Risotteria Asparagi 175 g,"10,23 € / Kg","1,79€",Piatti pronti,Primi piatti
Knorr Risotteria Milanese 175 g,"10,23 € / Kg","1,79€",Piatti pronti,Primi piatti
Knorr Risotteria Parmigiana 175 g,"10,23 € / Kg","1,79€",Piatti pronti,Primi piatti
Knorr Risotteria Pescatora 175 g,"10,23 € / Kg","1,79€",Piatti pronti,Primi piatti
Knorr Risotteria Porcini 175 g,"10,23 € / Kg","1,79€",Piatti pronti,Primi piatti
Knorr Risotteria Tartufo 175 g,"10,23 € / Kg","1,79€",Piatti pronti,Primi piatti
Knorr Risotteria Zafferano Porcini 175 g,"10,23 € / Kg","1,79€",Piatti pronti,Primi piatti
Knorr Risotteria Zucca 175 g,"10,23 € / Kg","1,79€",Piatti pronti,Primi piatti
MAGGI Noodles Gusto Curry 71 g,"7,61 € / Kg","0,54€",Piatti pronti,Primi piatti
MAGGI Noodles Gusto Pollo 71 g,"7,61 € / Kg","0,54€",Piatti pronti,Primi piatti
Saikebon Noodles Gamberetti 60 g,"22,50 € / Kg","1,35€",Piatti pronti,Primi piatti
Saikebon Noodles Manzo 79 g,"8,10 € / Kg","0,64€",Piatti pronti,Primi piatti
Saikebon Noodles Pollo 79 g,"8,10 € / Kg","0,64€",Piatti pronti,Primi piatti
Saikebon Noodles Yakisoba Verdure 93 g,"9,89 € / Kg","0,92€",Piatti pronti,Primi piatti
Saikebon Noodles Yakisoba Verdure 93 g,"18,17 € / Kg","1,69€",Piatti pronti,Primi piatti
Star Saikebon Noodles Manzo 60 g,"22,50 € / Kg","1,35€",Piatti pronti,Primi piatti
Star Saikebon Noodles Pollo 60 g,"22,50 € / Kg","1,35€",Piatti pronti,Primi piatti
Star Saikebon Noodles Verdure 59 g,"22,88 € / Kg","1,35€",Piatti pronti,Primi piatti
Star Saikebon Noodles Yakisoba Manzo 93 g,"18,17 € / Kg","1,69€",Piatti pronti,Primi piatti
Star Saikebon Noodles Yakisoba Pollo 93 g,"18,17 € / Kg","1,69€",Piatti pronti,Primi piatti
Suzi Wan Noodles a nido 250 g,"10,60 € / Kg","2,65€",Piatti pronti,Primi piatti
"Valfrutta I Pronti al Vapore Cous Cous, Carote, Piselli, Zucchine, Peperoni 220 g","12,05 € / Kg","2,65€",Piatti pronti,Primi piatti
CONAD Pasta e Fagioli 182 g,"7,42 € / Kg","1,35€",Piatti pronti,Primi piatti
Crema con asparagi g. 101 Conad,"11,78 € / Kg","1,19€",Piatti pronti,Primi piatti
Crema con Funghi Porcini 101 g Conad,"11,78 € / Kg","1,19€",Piatti pronti,Primi piatti
Crema con patate e porri g 100 Conad,"11,90 € / Kg","1,19€",Piatti pronti,Primi piatti
"Crema con Zucca, Patate e Porcini 70 g Conad","17,00 € / Kg","1,19€",Piatti pronti,Primi piatti
Minestrina all'Ortolana 61 g Conad,"16,23 € / Kg","0,99€",Piatti pronti,Primi piatti
Minestrina di Anellini 83 g Conad,"11,65 € / Kg","0,99€",Piatti pronti,Primi piatti
Minestrone Tradizionale 500 g Conad,"2,58 € / Kg","1,29€",Piatti pronti,Primi piatti
Passato di Patate e Carote 500 g Conad,"2,58 € / Kg","1,29€",Piatti pronti,Primi piatti
Passato Tradizionale 500 g Conad,"2,58 € / Kg","1,29€",Piatti pronti,Primi piatti
Tris di Cereali con Curry 175 g Conad,"7,71 € / Kg","1,35€",Piatti pronti,Primi piatti
"Tris di Cereali Zucca, Patate e Funghi Porcini 175 g Conad","7,71 € / Kg","1,35€",Piatti pronti,Primi piatti
Vellutata di Zucca 500 g Conad,"2,58 € / Kg","1,29€",Piatti pronti,Primi piatti
Zuppa ai 5 Cereali 110 g Conad,"12,27 € / Kg","1,35€",Piatti pronti,Primi piatti
Zuppa di Ceci 500 g Conad,"2,58 € / Kg","1,29€",Piatti pronti,Primi piatti
Zuppa di Fagioli 500 g Conad,"2,58 € / Kg","1,29€",Piatti pronti,Primi piatti
Zuppa di Verdure 86 g Conad,"15,70 € / Kg","1,35€",Piatti pronti,Primi piatti
Knorr Crema Carciofi 88 g,"21,48 € / Kg","1,89€",Piatti pronti,Primi piatti
Knorr Crema Porcini 76 g,"24,87 € / Kg","1,89€",Piatti pronti,Primi piatti
Knorr i momenti Gourmet Vellutata di Funghi con Porcini e Cipolline 61 g,"29,34 € / Kg","1,79€",Piatti pronti,Primi piatti
Knorr il Minestrone 500 ml,"3,70 € / L","1,85€",Piatti pronti,Primi piatti
Knorr Minestra Anellini 83 g,"17,95 € / Kg","1,49€",Piatti pronti,Primi piatti
Knorr Minestra d'Orzo 105 g,"14,19 € / Kg","1,49€",Piatti pronti,Primi piatti
Knorr Minestra Primavera 61 g,"24,43 € / Kg","1,49€",Piatti pronti,Primi piatti
Knorr Minestrone con Pasta 132 g,"14,32 € / Kg","1,89€",Piatti pronti,Primi piatti
Knorr Minestrone di 11 Verdure 535 g,"4,09 € / Kg","2,19€",Piatti pronti,Primi piatti
Knorr Passato di Carote e Porri 500 ml,"3,70 € / L","1,85€",Piatti pronti,Primi piatti
Knorr Passato Tradizionale 500 ml,"3,70 € / L","1,85€",Piatti pronti,Primi piatti
Knorr Passato Tradizionale 69 g,"27,39 € / Kg","1,89€",Piatti pronti,Primi piatti
Knorr Pasta e Fagioli 182 g,"10,38 € / Kg","1,89€",Piatti pronti,Primi piatti
Knorr Zuppa di Fagioli 545 g,"4,02 € / Kg","2,19€",Piatti pronti,Primi piatti
Knorr Zuppa di Verdure 86 g,"21,98 € / Kg","1,89€",Piatti pronti,Primi piatti
QUINOA SOFFIATA BIO S/G SARCHIO125g,"27,60 € / Kg","3,45€",Piatti pronti,Primi piatti
CONAD Antipasto di Mare 220 g,18.1 € / Kg,"3,19€",Piatti pronti,Secondi piatti
"Viva la Mamma Insalata con Tonno Cereali, Legumi e Verdure 220 g","14,32 € / Kg","3,15€",Piatti pronti,Secondi piatti
Insalata di Mare con Verdure 400 g,"17,00 € / Kg","6,80€",Piatti pronti,Secondi piatti
Medusa Insalata di Mare 450 g,"17,76 € / Kg","7,99€",Piatti pronti,Secondi piatti
Cavolfiori e Broccoli al Vapore 250 g Gustosamente Conad,"11,80 € / Kg","2,95€",Piatti pronti,Contorni
CONAD Gustosamente Carote al Vapore 280 g,"10,36 € / Kg","2,90€",Piatti pronti,Contorni
CONAD Gustosamente Spinaci al Vapore 280 g,"10,36 € / Kg","2,90€",Piatti pronti,Contorni
"Fagiolini, Patate e Carote al Vapore 280 g Gustosamente Conad","11,07 € / Kg","3,10€",Piatti pronti,Contorni
Giovanni Rana Parmigiana di Melanzane 700 g,"7,13 € / Kg","4,99€",Piatti pronti,Contorni
Purè di Patate in Fiocchi 3 Buste 225 g Conad,"7,51 € / Kg","1,69€",Piatti pronti,Contorni
Knorr Gran Purè 3 x 75 g,"7,96 € / Kg","1,79€",Piatti pronti,Contorni
Pfanni Purè di Patate in Fiocchi 4 x 75 g,"9,50 € / Kg","2,85€",Piatti pronti,Contorni
Melanzane Grigliate 220 g Gustosamente Conad,"14,09 € / Kg","3,10€",Piatti pronti,Contorni
Patate al Forno 300 g Gustosamente Conad,"9,30 € / Kg","2,79€",Piatti pronti,Contorni
Zucchine Grigliate 220 g Gustosamente Conad,"14,09 € / Kg","3,10€",Piatti pronti,Contorni
"Le Insalate di Tonno Cereali e Tonno con zucca, quinoa e grano saraceno 200 g Conad","12,45 € / Kg","2,49€",Piatti pronti,Piatti unici
"Le Insalate di Tonno Cous Cous e Tonno con olive, ceci e carote 200 g Conad","12,45 € / Kg","2,49€",Piatti pronti,Piatti unici
Peperoncini di Calabria ripieni con tonno in Olio di Oliva 270 g Sapori & Dintorni Conad,"22,04 € / Kg","5,95€",Piatti pronti,Piatti unici
"Colfiorito Piatto Fatto Grano Saraceno Italiano, Quinoa Rossa e Semi di Chia del Sud America 250 g","9,92 € / Kg","2,48€",Piatti pronti,Piatti unici
"Colfiorito Piatto Fatto Lenticchie, Fagioli Neri, Orzo, Farro, Grano Duro 250 g","9,92 € / Kg","2,48€",Piatti pronti,Piatti unici
"Colfiorito Piatto Fatto Riso Rosso, Farro, Orzo, Miglio, Grano Duro 250 g","9,92 € / Kg","2,48€",Piatti pronti,Piatti unici
"Valfrutta I Pronti al Vapore Farro, Olive Nere, Pomodori Secchi, Capperi 220 g","12,05 € / Kg","2,65€",Piatti pronti,Piatti unici
Involtini Primavera 160 g Sapori & Idee Conad,"24,94 € / Kg","3,99€",Piatti pronti,Specialità etniche
Noodles di Mare 200 g Sapori & Idee Conad,"22,45 € / Kg","4,49€",Piatti pronti,Specialità etniche
Pollo alle Mandorle 180 g Sapori & Idee Conad,"22,17 € / Kg","3,99€",Piatti pronti,Specialità etniche
Riso alla Cantonese 200 g Sapori & Idee Conad,"18,45 € / Kg","3,69€",Piatti pronti,Specialità etniche
Spaghetti di Soia 200 g Sapori & Idee Conad,"18,45 € / Kg","3,69€",Piatti pronti,Specialità etniche
Xiaolongbao Ravioli con Carne 170 g Sapori & Idee Conad,"20,53 € / Kg","3,49€",Piatti pronti,Specialità etniche
Xiaolongbao Ravioli con Totano e Mazzancolle 170 g Sapori & Idee Conad,"20,53 € / Kg","3,49€",Piatti pronti,Specialità etniche
Montello Frijoles Fagioli Neri alla Messicana 400 g,"3,22 € / Kg","1,29€",Piatti pronti,Specialità etniche
Suzi Wan Vermicelli di riso 250 g,"11,56 € / Kg","2,89€",Piatti pronti,Specialità etniche
Burger di Seitan Biologico 2 x 90 g Verso Natura Conad,"18,06 € / Kg","3,25€",Piatti pronti,Specialità vegetali
CONAD VERSO NATURA Cotoletta Vegetale Biologica 2 Cotolette 160 g,"16,81 € / Kg","2,69€",Piatti pronti,Specialità vegetali
Seitan al naturale Biologico 125g x 2 Verso Natura Veg Conad,"13,40 € / Kg","3,35€",Piatti pronti,Specialità vegetali
Tofu al naturale Biologico 125g x 2 Verso Natura Veg Conad,"11,96 € / Kg","2,99€",Piatti pronti,Specialità vegetali
GARDEN GOURMET Straccetti di Soia Vegetariani 175 g,21.5 € / Kg,"2,79€",Piatti pronti,Specialità vegetali
Kioene Burger vegetale alle Melanzane 200 g,"14,95 € / Kg","2,99€",Piatti pronti,Specialità vegetali
Kioene Burger vegetale con Carciofi e Pomodori Secchi 200 g,"14,95 € / Kg","2,99€",Piatti pronti,Specialità vegetali
Kioene miniburger l'Originale vegetale agli Spinaci 200 g,"14,95 € / Kg","2,99€",Piatti pronti,Specialità vegetali
Kioene miniburger l'Originale vegetale con Broccoli e Kale 200 g,"14,95 € / Kg","2,99€",Piatti pronti,Specialità vegetali
Kioene miniburger l'Originale vegetale con Zucca e Carote 200 g,"14,95 € / Kg","2,99€",Piatti pronti,Specialità vegetali
Tramezzini Prosciutto Cotto 150 g Conad,"13,67 € / Kg","2,05€",Piatti pronti,Tramezzini e altri spuntini salati
Tramezzini Salmone 140 g Conad,"14,64 € / Kg","2,05€",Piatti pronti,Tramezzini e altri spuntini salati
Tramezzini Tonno 150 g Conad,"13,67 € / Kg","2,05€",Piatti pronti,Tramezzini e altri spuntini salati
Zorbas Tzatziki 200 g,"9,50 € / Kg","1,90€",Piatti pronti,"Salse, sughi e patè"
Polenta Valsugana la Classica Già Pronta 1200 g,"1,99 € / Kg","2,39€",Piatti pronti,Altri piatti pronti
POLENTA PRONTA FETTE VILLANELL 500g,"3,58 € / Kg","1,79€",Piatti pronti,Altri piatti pronti
Filetti di Tonno al Naturale 200 g Conad,"22,45 € / Kg","4,49€",Piatti pronti,Specialità ittiche
Tonno al Naturale 2 x 160 g Conad,"10,59 € / Kg","3,39€",Piatti pronti,Specialità ittiche
Tonno al Naturale 3 x 80 g Conad,"10,62 € / Kg","2,55€",Piatti pronti,Specialità ittiche
Callipo Filetti di Tonno al naturale in acqua di mare Aquamaris 174 g,"44,20 € / Kg","7,69€",Piatti pronti,Specialità ittiche
Consorcio Filetti di Tonno al naturale 180 g,"44,39 € / Kg","7,99€",Piatti pronti,Specialità ittiche
Rio mare Tonno al Naturale 4 x 56 g,"21,38 € / Kg","4,79€",Piatti pronti,Specialità ittiche
Rio mare Tonno al Naturale 4 x 80 g,"15,47 € / Kg","4,95€",Piatti pronti,Specialità ittiche
Bucato a Mano Azione Rapida 750 ml Conad,"2,33 € / L","1,75€",Articoli per la casa,Lavaggio e cura bucato
Bucato a Mano con Sapone Naturale 1 l Verso Natura Eco Conad,"2,09 € / L","2,09€",Articoli per la casa,Lavaggio e cura bucato
BIO PRESTO Bucato a Mano 600 g,"3,58 € / Kg","2,15€",Articoli per la casa,Lavaggio e cura bucato
"Ammorbidente Concentrato Elisir di Lavanda 1,5 l Conad","1,66 € / L","2,49€",Articoli per la casa,Lavaggio e cura bucato
"Ammorbidente Concentrato Elisir di Petali di Rosa 1,5 l Conad","1,66 € / L","2,49€",Articoli per la casa,Lavaggio e cura bucato
"Ammorbidente Concentrato Elisir di Primavera 1,5 l Conad","1,66 € / L","2,49€",Articoli per la casa,Lavaggio e cura bucato
"Ammorbidente Concentrato Elisir di Rugiada 1,5 l Conad","1,66 € / L","2,49€",Articoli per la casa,Lavaggio e cura bucato
"Ammorbidente Concentrato Mandorla e Noce di Cocco 1,5 l Verso Natura Conad","1,79 € / L","2,68€",Articoli per la casa,Lavaggio e cura bucato
Ammorbidente Concentrato Profumo Intenso Vaniglia e Fiori Bianchi 750 ml Conad,"1,72 € / L","1,29€",Articoli per la casa,Lavaggio e cura bucato
Ammorbidente Concentrato Talco e Fiori d'Arancio 750 ml Verso Natura Eco Conad,"1,99 € / L","1,49€",Articoli per la casa,Lavaggio e cura bucato
Ammorbidente Fiori di Lavanda 2 l Conad,"0,90 € / L","1,80€",Articoli per la casa,Lavaggio e cura bucato
Ammorbidente Fiori di Primavera 2 l Conad,"0,90 € / L","1,80€",Articoli per la casa,Lavaggio e cura bucato
Ammorbidente Fiori di Rosa 2 l Conad,"0,90 € / L","1,80€",Articoli per la casa,Lavaggio e cura bucato
"Lenor Elisir Ammorbidente Lavatrice Concentrato, Sogno di Calabria, 25 Lavaggi 525 ml",7.0 € / L,"2,39€",Articoli per la casa,Lavaggio e cura bucato
"Lenor Elisir Ammorbidente Lavatrice Concentrato, Sogno Di Costiera Amalfitana, 25 Lavaggi 525 ml",7.0 € / L,"2,39€",Articoli per la casa,Lavaggio e cura bucato
"Lenor Elisir Ammorbidente Lavatrice Concentrato, Sogno Di Toscana, 25 Lavaggi 525 ml",7.0 € / L,"2,39€",Articoli per la casa,Lavaggio e cura bucato
Coccolino Ammorbidente Concentrato Aria di Primavera 42 Lavaggi 980 ml,"4,07 € / L","3,99€",Articoli per la casa,Lavaggio e cura bucato
Coccolino Ammorbidente Concentrato Delicato & Soffice 42 Lavaggi 980 ml,"4,07 € / L","3,99€",Articoli per la casa,Lavaggio e cura bucato
Coccolino Ammorbidente Concentrato Intense Care Orchidea Viola & Mirtilli 42 Lavaggi 980 ml,"4,07 € / L","3,99€",Articoli per la casa,Lavaggio e cura bucato
Coccolino Ammorbidente Concentrato Orchidea Viola & Mirtilli 1 L,"3,09 € / L","3,09€",Articoli per la casa,Lavaggio e cura bucato
"Deox, Ammorbidente Concentrato Lavatrice, Vaniglia e Argan, 33 Lavaggi, 660 ml","2,56 € / L","1,69€",Articoli per la casa,Lavaggio e cura bucato
Felce Azzurra Ammorbidente Classico 2 L,"1,10 € / L","2,20€",Articoli per la casa,Lavaggio e cura bucato
Felce Azzurra Ammorbidente Concentrato Classico 600 ml,"2,92 € / L","1,75€",Articoli per la casa,Lavaggio e cura bucato
"Lenor Ammorbidente Lavatrice Concentrato, Oro e Fiori di Vaniglia, 40 Lavaggi 840 ml","5,11 € / L","4,29€",Articoli per la casa,Lavaggio e cura bucato
Spuma di Sciampagna Ammorbidente Concentrato Fresca Rugiada 600 ml,"2,73 € / L","2,05€",Articoli per la casa,Lavaggio e cura bucato
Spuma di Sciampagna Ammorbidente Concentrato Soffio d'Oriente 600 ml,"2,73 € / L","2,05€",Articoli per la casa,Lavaggio e cura bucato
"VERNEL Concentrato Aromatherapy Sogni di Loto 1,15L","3,47 € / L","3,99€",Articoli per la casa,Lavaggio e cura bucato
"VERNEL Concentrato Blu Oxygen 1,2L","3,32 € / L","3,99€",Articoli per la casa,Lavaggio e cura bucato
"VERNEL Concentrato Fresh Control Freschezza Floreale 1,15L","3,47 € / L","3,99€",Articoli per la casa,Lavaggio e cura bucato
"VERNEL Concentrato Lavanda 1,2L","3,32 € / L","3,99€",Articoli per la casa,Lavaggio e cura bucato
"Winni's Naturel Ammorbidente Fiori Bianchi 1,26 l","2,37 € / L","2,99€",Articoli per la casa,Lavaggio e cura bucato
CONAD Gel Anticalcare Lavatrice 1 l,"2,99 € / L","2,99€",Articoli per la casa,Lavaggio e cura bucato
Pastiglie Anticalcare Lavatrice 16 tabs 256 g Conad,"12,30 € / Kg","3,15€",Articoli per la casa,Lavaggio e cura bucato
Polvere Anticalcare Lavatrice 850 g Conad,"3,35 € / Kg","2,85€",Articoli per la casa,Lavaggio e cura bucato
Dr. Beckmann il Cura Lavatrice 250 ml,"17,16 € / L","4,29€",Articoli per la casa,Lavaggio e cura bucato
Napisan Cura Lavatrice Igienizzante 250 ml,"15,96 € / L","3,99€",Articoli per la casa,Lavaggio e cura bucato
Sole Cura Lavatrice Extra Care Lemon 2 x 250 ml,"8,20 € / L","4,10€",Articoli per la casa,Lavaggio e cura bucato
"Baygon Antitarme Alimentari, Protezione per la Cucina, Confezione da 3 unità","2,06 € / conf","6,19€",Articoli per la casa,Lavaggio e cura bucato
Orphea Salvalana Emanatori Grandi Armadi al Profumo di Fiori 2 pz,"2,55 € / conf","2,55€",Articoli per la casa,Lavaggio e cura bucato
Orphea Salvalana Foglietti per Cassetti e Armadi al Profumo di Fiori 12 pz,"2,29 € / conf","2,29€",Articoli per la casa,Lavaggio e cura bucato
Orphea Salvalana Foglietti per Cassetti e Armadi al Profumo di Lavanda Maillette 12 pz,"2,29 € / conf","2,29€",Articoli per la casa,Lavaggio e cura bucato
Orphea Salvalana Foglietti per Cassetti e Armadi al Profumo di Legno di Cedro della Virginia 12 pz,"2,29 € / conf","2,29€",Articoli per la casa,Lavaggio e cura bucato
Orphea Salvalana Spray al Profumo di Fiori 150 ml,"31,27 € / L","4,69€",Articoli per la casa,Lavaggio e cura bucato
Orphea Salvalana Spray al Profumo di Lavanda Maillette 150 ml,"31,27 € / L","4,69€",Articoli per la casa,Lavaggio e cura bucato
Candeggina Classica 1 l Conad,"0,79 € / L","0,79€",Articoli per la casa,Lavaggio e cura bucato
"Candeggina Classica 2,5 l Conad","0,58 € / L","1,45€",Articoli per la casa,Lavaggio e cura bucato
Candeggina Classica 4 l Conad,"0,56 € / L","2,25€",Articoli per la casa,Lavaggio e cura bucato
"Candeggina Profumata 2,5 l Conad","0,70 € / L","1,75€",Articoli per la casa,Lavaggio e cura bucato
Mousse con Candeggina 750 ml Conad,"2,52 € / L","1,89€",Articoli per la casa,Lavaggio e cura bucato
Ace Candeggina Classica Casa & Bucato 3 L,1.0 € / L,"1,99€",Articoli per la casa,Lavaggio e cura bucato
Ace Candeggina Classica Casa & Bucato 1 L,"1,59 € / L","1,59€",Articoli per la casa,Lavaggio e cura bucato
Ace Candeggina Più  Denso Armonie floreali 3 L,"1,33 € / L","3,99€",Articoli per la casa,Lavaggio e cura bucato
Ace Candeggina Più  Denso Fresco profumo 1 L,"1,99 € / L","1,99€",Articoli per la casa,Lavaggio e cura bucato
Ace Candeggina Più  Denso Fresco profumo 3 L,"1,33 € / L","3,99€",Articoli per la casa,Lavaggio e cura bucato
Ace Candeggina Più  Mousse 700 ml,"3,27 € / L","2,29€",Articoli per la casa,Lavaggio e cura bucato
Ace Candeggina Profumata Casa & Bucato 3 L,"1,13 € / L","3,39€",Articoli per la casa,Lavaggio e cura bucato
"Omino Bianco, Candeggina Delicata, Elimina le Macchie e rispetta Colori, Muschio Bianco, 2000ml","1,38 € / L","2,75€",Articoli per la casa,Lavaggio e cura bucato
"Omino Bianco, Candeggina Delicata, Elimina le Macchie e Rispetta i Colori, Brezza Marina, 2000ml","1,38 € / L","2,75€",Articoli per la casa,Lavaggio e cura bucato
COLORERIA Blu Notte 350 gr.,"16,14 € / Kg","5,65€",Articoli per la casa,Lavaggio e cura bucato
COLORERIA Grigio Antico 350 gr.,"16,14 € / Kg","5,65€",Articoli per la casa,Lavaggio e cura bucato
COLORERIA Marrone Cioccolato 350 gr.,"16,14 € / Kg","5,65€",Articoli per la casa,Lavaggio e cura bucato
Coloreria Nero Intenso 350 gr.,"16,14 € / Kg","5,65€",Articoli per la casa,Lavaggio e cura bucato
COLORERIA Verde Smeraldo 350 gr.,"16,14 € / Kg","5,65€",Articoli per la casa,Lavaggio e cura bucato
CONAD Lavatrice Monodose Salvacolore 3 in 1 44 x 24.5 ml,"8,71 € / Kg","9,95€",Articoli per la casa,Lavaggio e cura bucato
"CONAD VERSO NATURA Eco Lavatrice Monodose Fiori di Loto 30 x 19,4 ml","9,78 € / L","5,69€",Articoli per la casa,Lavaggio e cura bucato
"Cura Capi a Mano e in Lavatrice 1,5 l Conad","1,79 € / L","2,69€",Articoli per la casa,Lavaggio e cura bucato
"Delicati e Colorati 1,5 l Conad","1,79 € / L","2,69€",Articoli per la casa,Lavaggio e cura bucato
"Lana e Delicati 1,5 l Conad","1,79 € / L","2,69€",Articoli per la casa,Lavaggio e cura bucato
Lana e Delicati Talco e Petali di Rosa 750 ml Verso Natura Conad,"2,07 € / L","1,55€",Articoli per la casa,Lavaggio e cura bucato
"Lavatrice Classico 1,65 l Conad","1,99 € / L","3,29€",Articoli per la casa,Lavaggio e cura bucato
"Lavatrice Fiori Bianchi 1,5 l Verso Natura Eco Conad","2,60 € / L","3,90€",Articoli per la casa,Lavaggio e cura bucato
Lavatrice Lavanda1.5 l Verso Natura Conad,"2,86 € / L","4,29€",Articoli per la casa,Lavaggio e cura bucato
"Lavatrice Monodose con Ammorbidente 3 in 1 44 x 24,5 ml Conad","9,95 € / Kg","9,95€",Articoli per la casa,Lavaggio e cura bucato
"Lavatrice Salva Colori 1,65 l Conad","1,99 € / L","3,29€",Articoli per la casa,Lavaggio e cura bucato
"Marsiglia a Mano e in Lavatrice 1,5 l Conad","1,79 € / L","2,69€",Articoli per la casa,Lavaggio e cura bucato
"Neri e Scuri a Mano e in Lavatrice 1,5 l Conad","1,79 € / L","2,69€",Articoli per la casa,Lavaggio e cura bucato
"Dash Detersivo Liquido Lavatrice, Classico, 21 Lavaggi 1050 ml",8.9 € / L,"5,99€",Articoli per la casa,Lavaggio e cura bucato
"Dash Detersivo Liquido Lavatrice, Salvacolore, 21 Lavaggi 1050 ml",8.9 € / L,"5,99€",Articoli per la casa,Lavaggio e cura bucato
"Dash Power Pods Detersivo Lavatrice Capsule, Azione Anti-Odore, 19 Lavaggi 478,8 g",0.5 € / conf,"6,99€",Articoli per la casa,Lavaggio e cura bucato
"Dash Power Pods Detersivo Lavatrice Capsule, Azione Extra-Igienizzante Colorati, 19 Lavaggi 516,8 g",0.5 € / conf,"6,99€",Articoli per la casa,Lavaggio e cura bucato
"Dash Power Pods Detersivo Lavatrice Capsule, Azione Extra-Igienizzante, 19 Lavaggi 516,8g",0.5 € / conf,"6,99€",Articoli per la casa,Lavaggio e cura bucato
"Dash Power Pods Detersivo Lavatrice Capsule, Azione Extra-Smacchiante, 19 Lavaggi 518,7 g",0.5 € / conf,"6,99€",Articoli per la casa,Lavaggio e cura bucato
"Dash Power Pods Detersivo Lavatrice Capsule, Tecnologia Colori Brillanti e Fibre, 19 Lavaggi 478,8 g",0.5 € / conf,"6,99€",Articoli per la casa,Lavaggio e cura bucato
"BIO PRESTO Baby 1,5 lt","2,73 € / L","4,10€",Articoli per la casa,Lavaggio e cura bucato
BIO PRESTO Color Liquido 36lav,"3,44 € / L","6,19€",Articoli per la casa,Lavaggio e cura bucato
BIO PRESTO Igiene e Freschezza Liquido 36lav,"3,44 € / L","6,19€",Articoli per la casa,Lavaggio e cura bucato
Chanteclair Sapone da Bucato Marsiglia 1000 ml,"1,85 € / L","1,85€",Articoli per la casa,Lavaggio e cura bucato
Dash Detersivo Lavatrice Liquido Bucato Power   Azione Extra Igienizzante 24 Lavaggi 1200 ml,"8,58 € / L","10,30€",Articoli per la casa,Lavaggio e cura bucato
"Dash Detersivo Liquido Lavatrice, Classico, 2 x 21 = 42 Lavaggi 2 x 1050 ml","8,52 € / L","17,90€",Articoli per la casa,Lavaggio e cura bucato
"Dash Detersivo Liquido Lavatrice, Lavanda, 2 x 21 = 42 Lavaggi 2 x 1050 ml","8,52 € / L","17,90€",Articoli per la casa,Lavaggio e cura bucato
"Dash Detersivo Liquido Lavatrice, Salvacolore, 2 x 21 = 42 Lavaggi 2 x 1050 ml","8,52 € / L","17,90€",Articoli per la casa,Lavaggio e cura bucato
"Dash Pods Detersivo Lavatrice Capsule, Ambra, 31 Lavaggi 706,8 g","0,42 € / conf","12,90€",Articoli per la casa,Lavaggio e cura bucato
"Dash Pods Detersivo Lavatrice Capsule, Classico, 31 Lavaggi 651 g","0,42 € / conf","12,90€",Articoli per la casa,Lavaggio e cura bucato
"Dash Power Detersivo Lavatrice in Polvere, Tecnologia Anti-Residui, 64 Lavaggi 3200 g","8,41 € / Kg","26,90€",Articoli per la casa,Lavaggio e cura bucato
"Dash Power Detersivo Liquido Lavatrice, Azione Anti-Odore, 18 Lavaggi 900 ml","10,54 € / L","9,49€",Articoli per la casa,Lavaggio e cura bucato
"Dash Power Detersivo Liquido Lavatrice, Azione Extra-Igienizzante Capi Colorati, 18 Lavaggi 900 ml","10,54 € / L","9,49€",Articoli per la casa,Lavaggio e cura bucato
"Dash Power Detersivo Liquido Lavatrice, Azione Extra-Igienizzante, 18 Lavaggi 900 ml","10,54 € / L","9,49€",Articoli per la casa,Lavaggio e cura bucato
"Deox Lavatrice Classico Profumo di Pulito, 21 lav, 1050 ml","4,09 € / L","4,29€",Articoli per la casa,Lavaggio e cura bucato
"Deox Lavatrice Colorati e Scuri, Tecnologia Anti-Transfer, 24 lav, 1200 ml","3,58 € / L","4,29€",Articoli per la casa,Lavaggio e cura bucato
DIXAN Discs Classico 23pz (575g),"17,37 € / Kg","9,99€",Articoli per la casa,Lavaggio e cura bucato
DIXAN Discs Classico 35pz (875g),"15,89 € / Kg","13,90€",Articoli per la casa,Lavaggio e cura bucato
DIXAN Liquido Classico 21 Lavaggi 945 ml,"8,46 € / L","7,99€",Articoli per la casa,Lavaggio e cura bucato
DIXAN Liquido Classico 3x21=63 Lavaggi 3 x 945 ml,"8,43 € / L","23,90€",Articoli per la casa,Lavaggio e cura bucato
DIXAN Liquido Classico Bipack 54 lav. (2x27),"5,74 € / L","15,50€",Articoli per la casa,Lavaggio e cura bucato
DIXAN Liquido Lavanda 21 Lavaggi 945 ml,"8,46 € / L","7,99€",Articoli per la casa,Lavaggio e cura bucato
DIXAN Liquido Lavanda 3x21=63 Lavaggi 3 x 945 ml,"8,43 € / L","23,90€",Articoli per la casa,Lavaggio e cura bucato
DIXAN PowerCaps Classico 26pz (364g),"27,45 € / Kg","9,99€",Articoli per la casa,Lavaggio e cura bucato
DIXAN PowerCaps Color 26pz (364g),"27,45 € / Kg","9,99€",Articoli per la casa,Lavaggio e cura bucato
"Felce Azzurra Classico Lavatrice per bianchi e colorati 1,595 L","3,00 € / L","4,79€",Articoli per la casa,Lavaggio e cura bucato
"Napisan Detersivo Igienizzante Classico 1,15 L","5,00 € / L","5,75€",Articoli per la casa,Lavaggio e cura bucato
"Napisan Detersivo lavatrice igienizzante Color 23 lavaggi 1,15 L","5,00 € / L","5,75€",Articoli per la casa,Lavaggio e cura bucato
"Omino Bianco - Detersivo Lavatrice Igienizzante Liquido, 30 Lavaggi, 1500 ml","3,33 € / L","4,99€",Articoli per la casa,Lavaggio e cura bucato
"Omino Bianco - Detersivo Lavatrice Liquido Color , per Capi Colorati, 30 Lavaggi, 1500 ml","3,33 € / L","4,99€",Articoli per la casa,Lavaggio e cura bucato
"Omino Bianco - Detersivo Lavatrice Liquido, con Essenza di Muschio Bianco, 30 Lavaggi, 1500 ml","3,33 € / L","4,99€",Articoli per la casa,Lavaggio e cura bucato
PERLANA Renew Colorati 24 Lavaggi 1.440 mL,"3,19 € / L","4,59€",Articoli per la casa,Lavaggio e cura bucato
PERLANA Renew Lana 24 Lavaggi 1.440 mL,"3,19 € / L","4,59€",Articoli per la casa,Lavaggio e cura bucato
PERLANA Renew Lavanda 24 Lavaggi 1.440 mL,"3,10 € / Kg","4,59€",Articoli per la casa,Lavaggio e cura bucato
PERLANA Renew Neri 24 Lavaggi 1.440 mL,"3,19 € / L","4,59€",Articoli per la casa,Lavaggio e cura bucato
"Soflan detersivo liquido Classic per lana, seta, sintetici 900 ml","2,21 € / L","1,99€",Articoli per la casa,Lavaggio e cura bucato
"Sole Detersivo lavatrice Bianco Splendente 29 lavaggi 1,305 L","4,36 € / L","5,69€",Articoli per la casa,Lavaggio e cura bucato
Sole Detersivo lavatrice Classico per Capi Fini 16 lavaggi 1 L,"1,70 € / L","1,70€",Articoli per la casa,Lavaggio e cura bucato
"Sole Detersivo lavatrice Igiene e Freschezza 29 lavaggi 1,305 L","4,36 € / L","5,69€",Articoli per la casa,Lavaggio e cura bucato
"Sole Polvere lavatrice Bianco Splendente 52 lavaggi 2,6 kg","3,65 € / Kg","9,49€",Articoli per la casa,Lavaggio e cura bucato
Spuma di Sciampagna Bianco puro Lavatrice Ecoricarica 1305 ml,"2,26 € / L","2,95€",Articoli per la casa,Lavaggio e cura bucato
Spuma di Sciampagna Bianco puro Lavatrice Igienizzante 1890 ml,"2,38 € / L","4,49€",Articoli per la casa,Lavaggio e cura bucato
Spuma di Sciampagna Fresco puro Lavatrice Igienizzante Ecoricarica 1305 ml,"2,26 € / L","2,95€",Articoli per la casa,Lavaggio e cura bucato
Spuma di Sciampagna Marsiglia Lavatrice Igienizzante 1890 ml,"2,38 € / L","4,49€",Articoli per la casa,Lavaggio e cura bucato
Spuma di Sciampagna Marsiglia Lavatrice Igienizzante 2 x 1890 ml,"2,99 € / L","11,29€",Articoli per la casa,Lavaggio e cura bucato
Spuma di Sciampagna Nero puro Bucato Delicato 800 ml,"2,94 € / L","2,35€",Articoli per la casa,Lavaggio e cura bucato
Vert di Chanteclair Lavatrice Fresco Profumo di Eucalipto 1071 ml,"4,10 € / L","4,39€",Articoli per la casa,Lavaggio e cura bucato
Winni's Lana & Delicati Fiori Rosa 750 ml,"2,33 € / L","1,75€",Articoli per la casa,Lavaggio e cura bucato
Sapone da Bucato al Profumo di Marsiglia 2 x 300 g Conad,"2,98 € / Kg","1,79€",Articoli per la casa,Lavaggio e cura bucato
Sole Granbucato 500 g,"4,10 € / Kg","2,05€",Articoli per la casa,Lavaggio e cura bucato
Sole Sapone per bucato Bianco 2 x 250 gr,"3,38 € / Kg","1,69€",Articoli per la casa,Lavaggio e cura bucato
Dr. Beckmann il Dissolvi Macchie Ruggine & Deodorante 50 ml,"67,80 € / L","3,39€",Articoli per la casa,Lavaggio e cura bucato
Dr. Beckmann il Dissolvi Macchie Unto & Salse 50 ml,"67,80 € / L","3,39€",Articoli per la casa,Lavaggio e cura bucato
K2R Smacchiatore Spray a Secco 100 ml,"31,50 € / L","3,15€",Articoli per la casa,Lavaggio e cura bucato
Emulsio naturale Stira Bene Pelli Sensibili 480 ml,"4,77 € / L","2,29€",Articoli per la casa,Lavaggio e cura bucato
Merito 525 ml,"5,24 € / L","2,75€",Articoli per la casa,Lavaggio e cura bucato
Sai Stiro Super in Acqua Osmotizzata Profumo Lavanda & Marsiglia 2 l,"0,46 € / L","0,92€",Articoli per la casa,Lavaggio e cura bucato
Additivo Disinfettante Detergente 1 l Conad,"2,59 € / L","2,59€",Articoli per la casa,Lavaggio e cura bucato
Additivo Smacchiatore Capi Bianchi 600 g Conad,"3,98 € / Kg","2,39€",Articoli per la casa,Lavaggio e cura bucato
Additivo Smacchiatore Capi Colorati 600 g Conad,"3,98 € / Kg","2,39€",Articoli per la casa,Lavaggio e cura bucato
Difendi Colore 40 foglietti Conad,"2,99 € / conf","2,99€",Articoli per la casa,Lavaggio e cura bucato
Pretrattante Smacchiatore 500 ml Conad,"3,36 € / L","1,68€",Articoli per la casa,Lavaggio e cura bucato
Lenor UNstoppables Fresh Profumo per il Bucato 210 gr,31.1 € / Kg,"3,99€",Articoli per la casa,Lavaggio e cura bucato
Lenor UNstoppables Lavish Profumo per il Bucato 210 gr,31.1 € / Kg,"3,99€",Articoli per la casa,Lavaggio e cura bucato
Lenor Unstoppables Profumo per il Bucato Freschezza di Dash 210 g,31.1 € / Kg,"3,99€",Articoli per la casa,Lavaggio e cura bucato
Lenor UNstoppables Spring Profumo per il Bucato 210 gr,31.1 € / Kg,"3,99€",Articoli per la casa,Lavaggio e cura bucato
Amuchina Bucato Additivo Igienizzante con Ammorbidente 1000ml,"3,29 € / L","3,29€",Articoli per la casa,Lavaggio e cura bucato
Dr. Beckmann Smacchiatore Macchie di Deodorante & Sudore 250 ml,"11,92 € / L","2,98€",Articoli per la casa,Lavaggio e cura bucato
GREY l'Acchiappa & Smacchia 10 buste,"0,36 € / conf","3,59€",Articoli per la casa,Lavaggio e cura bucato
GREY L'Acchiappa&Smacchia per Bianchi 10 buste,"11,97 € / Kg","3,59€",Articoli per la casa,Lavaggio e cura bucato
GREY l'Acchiappacolore 40 fogli,"0,21 € / conf","8,25€",Articoli per la casa,Lavaggio e cura bucato
GREY L'Acchiappacolore Azione Completa  16 4 fogli,"0,16 € / conf","3,29€",Articoli per la casa,Lavaggio e cura bucato
GREY l'Acchiappacolore Eco 16 fogli,"0,21 € / conf","3,29€",Articoli per la casa,Lavaggio e cura bucato
GREY l'Acchiappacolore Ravviva Bianchi 16 fogli,"0,21 € / conf","3,29€",Articoli per la casa,Lavaggio e cura bucato
GREY l'Acchiappacolore Ravviva Colore 16 fogli,"0,21 € / conf","3,29€",Articoli per la casa,Lavaggio e cura bucato
GREY Remedia 200 gr.,"12,75 € / Kg","2,55€",Articoli per la casa,Lavaggio e cura bucato
Grey Sciogli macchia color expert 500 ml,"4,70 € / L","2,35€",Articoli per la casa,Lavaggio e cura bucato
GREY Tendaviva 500 gr.,"5,58 € / Kg","2,79€",Articoli per la casa,Lavaggio e cura bucato
Omino Bianco Additivo Smacchiante Gel 900 ml,"4,10 € / L","3,69€",Articoli per la casa,Lavaggio e cura bucato
Omino Bianco Bianco Vivo Gel 900 ml,"4,10 € / L","3,69€",Articoli per la casa,Lavaggio e cura bucato
Omino Bianco Fogli Salva i Colori 56 pz,"5390,00 € / L","5,39€",Articoli per la casa,Lavaggio e cura bucato
"Omino Bianco, Smacchiafacile Pretrattante, Smacchia le macchie più Ostinate, 500ml","4,38 € / L","2,19€",Articoli per la casa,Lavaggio e cura bucato
Orphea l'Essenza Profuma Biancheria Orphea Fiori 200 ml,"22,90 € / L","4,58€",Articoli per la casa,Lavaggio e cura bucato
Orphea l'Essenza Profuma Biancheria Orphea Lavanda Maillette 200 ml,"22,90 € / L","4,58€",Articoli per la casa,Lavaggio e cura bucato
Smacchio Tutto 250 ml,"7,00 € / L","1,75€",Articoli per la casa,Lavaggio e cura bucato
Spuma di Sciampagna Additivo Bianco Puro Color 1000 ml,"2,05 € / L","2,05€",Articoli per la casa,Lavaggio e cura bucato
Spuma di Sciampagna Additivo Bianco Puro Igienizzante 1000 ml,"2,05 € / L","2,05€",Articoli per la casa,Lavaggio e cura bucato
Vanish Oxi Action 500 g Smacchiatore Antiodore,"9,58 € / Kg","4,79€",Articoli per la casa,Lavaggio e cura bucato
Vanish Oxi Action Bianco Splendente Multi-Efficacia Senza Candeggina 750 ml,"6,39 € / L","4,79€",Articoli per la casa,Lavaggio e cura bucato
Vanish Oxi Action Multi Smacchiatore Spray Pre-Trattante Senza Candeggina 725 ml,"6,61 € / L","4,79€",Articoli per la casa,Lavaggio e cura bucato
Vanish Oxi Action Multi-Efficacia Senza Candeggina 750 ml,"6,39 € / L","4,79€",Articoli per la casa,Lavaggio e cura bucato
Vanish Polvere Bianco Splendente Smacchiatore bucato 500 gr,"9,58 € / Kg","4,79€",Articoli per la casa,Lavaggio e cura bucato
AMM.MORBIVEL SOGNO EST.NUNCAS 750ml,"8,47 € / L","6,35€",Articoli per la casa,Lavaggio e cura bucato
DECALCIF.MACCHINE CAFFE BUSTA 30g,"41,67 € / Kg","1,25€",Articoli per la casa,Lavaggio e cura bucato
DECALCIFIC.CAFFETTIERE NUNCAS 250ml,"19,96 € / L","4,99€",Articoli per la casa,Lavaggio e cura bucato
CANDEGGINA PASTIGLIE MENTOLO,"2,99 € / conf","2,99€",Articoli per la casa,Lavaggio e cura bucato
ACQUA RAGIA (art.19) 375ml,"4,77 € / L","1,79€",Articoli per la casa,Lavaggio e cura bucato
AVIO SMACCHIATORE AMACASA 375ml,"3,87 € / L","1,45€",Articoli per la casa,Lavaggio e cura bucato
SMACCH.OMINO B.TAPPETI/SOFA' 300ml,"13,00 € / L","3,90€",Articoli per la casa,Lavaggio e cura bucato
Cura Lavastoviglie 250 ml Conad,"5,96 € / L","1,49€",Articoli per la casa,Detergenti per stoviglie
Lavastoviglie Brillantante Limone 250 ml Conad,"6,36 € / Kg","1,59€",Articoli per la casa,Detergenti per stoviglie
Lavastoviglie Deodorante Limone 2 x 6 ml Conad,"1,99 € / conf","1,99€",Articoli per la casa,Detergenti per stoviglie
Sale Lavastoviglie 1 kg Conad,"0,69 € / Kg","0,69€",Articoli per la casa,Detergenti per stoviglie
Finish Brillasciuga 250 mL,"12,36 € / L","3,09€",Articoli per la casa,Detergenti per stoviglie
Finish Cristalli di Sale cura lavastoviglie 1000 gr,"1,10 € / Kg","1,10€",Articoli per la casa,Detergenti per stoviglie
Finish Curalavastoviglie Ciclo Pieno cura lavastoviglie 3 x 17 gr,"1,30 € / conf","3,90€",Articoli per la casa,Detergenti per stoviglie
Finish Curalavastoviglie Limone e Lime 250 mL,"18,40 € / L","4,60€",Articoli per la casa,Detergenti per stoviglie
Finish Curalavastoviglie Regular Napisan cura lavastoviglie 250 ml,"18,40 € / L","4,60€",Articoli per la casa,Detergenti per stoviglie
Finish Deodorante Limone e Lime Deodorante lavastoviglie 4 ml,"712,50 € / L","2,85€",Articoli per la casa,Detergenti per stoviglie
Gel Lavastoviglie Lime 650 ml Verso Natura Conad,"6,14 € / L","3,99€",Articoli per la casa,Detergenti per stoviglie
Lavastoviglie Tabs Limone 40 Tabs 720 g Conad,"5,26 € / Kg","3,79€",Articoli per la casa,Detergenti per stoviglie
Lavastoviglie Tutto in 1 Ultra Limone 26 Tabs 442 g Conad,"8,12 € / Kg","3,59€",Articoli per la casa,Detergenti per stoviglie
Pastiglie Lavastoviglie Tutto in 1 32 pastiglie 576 g Verso Natura Eco Conad,"6684,03 € / Kg","3,85€",Articoli per la casa,Detergenti per stoviglie
Fairy Gel Lavastoviglie Platinum Extra Brillantezza Detersivo Piatti Brezza Marina 30 Lavaggi 600 ml,"8,58 € / L","3,79€",Articoli per la casa,Detergenti per stoviglie
Fairy Gel Lavastoviglie Platinum Extra Brillantezza Detersivo Piatti Profumo Limone 30 Lavaggi 600ml,8.5 € / L,"3,79€",Articoli per la casa,Detergenti per stoviglie
"Fairy Pastiglie Lavastoviglie Original, Detersivo Piatti Limone, 17 Capsule 230 g",0.3 € / conf,"3,99€",Articoli per la casa,Detergenti per stoviglie
"Fairy Pastiglie Lavastoviglie Platinum Plus Anti-Opaco, Detersivo Piatti Limone, 12 Capsule 186 g",0.5 € / conf,"3,99€",Articoli per la casa,Detergenti per stoviglie
"Fairy Pastiglie Lavastoviglie Platinum, Detersivo Piatti Limone, 14 Capsule 209 g",0.4 € / conf,"3,99€",Articoli per la casa,Detergenti per stoviglie
Finish Power Essential Regular pastiglie lavastoviglie 90 lavaggi 1440 g,0.2 € / conf,"9,90€",Articoli per la casa,Detergenti per stoviglie
Finish Power Gel Fresh 2 x 42 lavaggi gel lavastoviglie 2 x 940 ml,"7,021.3 € / L","9,90€",Articoli per la casa,Detergenti per stoviglie
Finish Power Gel Lemon 2 x 42 lavaggi liquido lavastoviglie 2 x 940 ml,"7,021.3 € / L","9,90€",Articoli per la casa,Detergenti per stoviglie
"Fairy Gel Lavastoviglie Platinum Pulizia Profonda, Detersivo Piatti Profumo Limone 30 Lavaggi 600 ml","8,58 € / L","5,15€",Articoli per la casa,Detergenti per stoviglie
Finish All in 1 Max Power Gel 3X Poteri Sgrassanti Limone 600 mL,"9,65 € / L","5,79€",Articoli per la casa,Detergenti per stoviglie
Finish Power All in One Regular pastiglie lavastoviglie 34 lavaggi 544 gr,"0,28 € / conf","9,49€",Articoli per la casa,Detergenti per stoviglie
Finish Power Gel Fresh liquido lavastoviglie 30 lavaggi 600 ml,"9,65 € / L","5,79€",Articoli per la casa,Detergenti per stoviglie
Finish Ultimate   Igiene Gel Napisan Regular liquido lavastoviglie 26 lavaggi 560 ml,"10,34 € / L","5,79€",Articoli per la casa,Detergenti per stoviglie
PRIL Excellence Duo Gel Limone 540ml,"11,09 € / L","5,99€",Articoli per la casa,Detergenti per stoviglie
PRIL Excellence Duo Gel Sciogli Grasso 540ml,"11,09 € / L","5,99€",Articoli per la casa,Detergenti per stoviglie
PRIL Tabs Tutto in 1 Limone 26 lavaggi 468g,"0,19 € / conf","4,95€",Articoli per la casa,Detergenti per stoviglie
PRIL Tutto in 1 Gel Limone 630ml,"9,51 € / L","5,99€",Articoli per la casa,Detergenti per stoviglie
Svelto Titanium Gel Lavastoviglie Tutto in 1 3 x 640 ml,"7,03 € / L","13,49€",Articoli per la casa,Detergenti per stoviglie
Svelto Titanium Gel Lavastoviglie Tutto in 1 640 ml,"7,80 € / L","4,99€",Articoli per la casa,Detergenti per stoviglie
Svelto Titanium Optimum con Bicarbonato di Sodio 18 Capsule 261 g,"0,28 € / conf","4,99€",Articoli per la casa,Detergenti per stoviglie
Svelto Titanium Optimum Limone 18 Capsule 261 g,"0,28 € / conf","4,99€",Articoli per la casa,Detergenti per stoviglie
Winni's Gel Lavastoviglie Lemon 750 ml,"6,13 € / L","4,60€",Articoli per la casa,Detergenti per stoviglie
Gel Piatti Super Concentrato Aceto 500 ml Conad,"2,38 € / L","1,19€",Articoli per la casa,Detergenti per stoviglie
Gel Piatti Super Concentrato acidi di Frutta 500 ml Conad,"2,58 € / L","1,29€",Articoli per la casa,Detergenti per stoviglie
Gel Piatti Super Concentrato Limone 500 ml Conad,"2,38 € / L","1,19€",Articoli per la casa,Detergenti per stoviglie
Piatti Aceto 1 l Conad,"1,09 € / L","1,09€",Articoli per la casa,Detergenti per stoviglie
Piatti Concentrato Lime e Menta 500 ml Verso Natura Eco Conad,"1,98 € / L","0,99€",Articoli per la casa,Detergenti per stoviglie
Piatti Concentrato Lime e Menta Ricarica 1 l Verso Natura Conad,"1,69 € / L","1,69€",Articoli per la casa,Detergenti per stoviglie
Piatti Limone 1 l Conad,"1,09 € / L","1,09€",Articoli per la casa,Detergenti per stoviglie
Svelto Aceto 3 x 980 ml,2.3 € / L,"4,79€",Articoli per la casa,Detergenti per stoviglie
Svelto Limone 3 x 980 ml,2.3 € / L,"4,79€",Articoli per la casa,Detergenti per stoviglie
NELSEN Limone 850 ml,"2,69 € / L","2,29€",Articoli per la casa,Detergenti per stoviglie
Svelto Aceto 980 ml,"2,44 € / L","2,39€",Articoli per la casa,Detergenti per stoviglie
Svelto Limone 980 ml,"2,44 € / L","2,39€",Articoli per la casa,Detergenti per stoviglie
Winni's Naturel Piatti Concentrato Bergamotto e Zenzero con estratto di Aloe Bio 500 ml,"2,38 € / L","1,19€",Articoli per la casa,Detergenti per stoviglie
Winni's Piatti Concentrato Lime e Fiori di Mela 500 ml,"2,38 € / L","1,19€",Articoli per la casa,Detergenti per stoviglie
VEGETALE PIATTI&MANI 500ml,"11,30 € / L","5,65€",Articoli per la casa,Detergenti per stoviglie
Anticalcare ml. 500 Conad,"2,10 € / L","1,05€",Articoli per la casa,Detergenti e deodoranti per la casa
Anticalcare Spray 750 ml Conad,"2,20 € / L","1,65€",Articoli per la casa,Detergenti e deodoranti per la casa
Chanteclair Forza & Igiene Anticalcare universale Antigoccia 625 ml,"3,66 € / L","2,29€",Articoli per la casa,Detergenti e deodoranti per la casa
Pulirapid Anticalcare con Aceto Naturale Igienizzante 500 ml,"3,50 € / L","1,75€",Articoli per la casa,Detergenti e deodoranti per la casa
Pulirapid Anticalcare Igienizzante 500 ml,"3,58 € / L","1,79€",Articoli per la casa,Detergenti e deodoranti per la casa
Viakal Detersivo Anticalcare Bagno e Cucina Classico Liquido 720 ml,"6,24 € / L","4,49€",Articoli per la casa,Detergenti e deodoranti per la casa
Viakal Detersivo Anticalcare Bagno e Cucina Classico Spray 720 ml,"6,24 € / L","4,49€",Articoli per la casa,Detergenti e deodoranti per la casa
Viakal Detersivo Anticalcare Bagno e Cucina Fresco Profumo Spray 720 ml,"6,24 € / L","4,49€",Articoli per la casa,Detergenti e deodoranti per la casa
Viakal Detersivo Anticalcare Bagno e Cucina Igienizzante Spray 720 ml,"6,24 € / L","4,49€",Articoli per la casa,Detergenti e deodoranti per la casa
Emulsio LaCera Facile Autolucidante - Tutti i pavimenti 725 ml,"7,57 € / L","5,49€",Articoli per la casa,Detergenti e deodoranti per la casa
Emulsio LaCera Facile Parquet 725 ml,"7,57 € / L","5,49€",Articoli per la casa,Detergenti e deodoranti per la casa
Emulsio Lavaincera Profumato Tutti i pavimenti Lavanda 875 ml,"4,46 € / L","3,90€",Articoli per la casa,Detergenti e deodoranti per la casa
Disgorgante Gel con Candeggina 1 l Conad,"1,69 € / L","1,69€",Articoli per la casa,Detergenti e deodoranti per la casa
Mr Muscle Idraulico Gel 1L,"3,99 € / L","3,99€",Articoli per la casa,Detergenti e deodoranti per la casa
"Mr Muscle Niagara Cucina, Disgorgante Granulare per Tubi, Lavandini e Scarichi, 250gr","6,36 € / Kg","1,59€",Articoli per la casa,Detergenti e deodoranti per la casa
WC Net Professional Sturascarichi Bloccati Azione Totale 1000 ml,"2,85 € / L","2,85€",Articoli per la casa,Detergenti e deodoranti per la casa
Deodorante per Ambienti Fiori di Primavera 300 ml Conad,"5,63 € / L","1,69€",Articoli per la casa,Detergenti e deodoranti per la casa
Deodorante per Ambienti Freschezza di Bosco 300 ml Conad,"5,63 € / L","1,69€",Articoli per la casa,Detergenti e deodoranti per la casa
Deodorante per Ambienti Gel Bouquet Fiorito 150 g Conad,"6,60 € / Kg","0,99€",Articoli per la casa,Detergenti e deodoranti per la casa
Deodorante per Ambienti Gel Lavanda 150 g Conad,"6,60 € / Kg","0,99€",Articoli per la casa,Detergenti e deodoranti per la casa
Deodorante per Ambienti Lavanda Classica 300 ml Conad,"5,63 € / L","1,69€",Articoli per la casa,Detergenti e deodoranti per la casa
Deodorante per Piccoli Ambienti Gel Bouquet Fiorito 3 x 40 g Conad,"9,08 € / Kg","1,09€",Articoli per la casa,Detergenti e deodoranti per la casa
Deodorante per Piccoli Ambienti Gel Lavanda 3 x 40 g Conad,"9,08 € / Kg","1,09€",Articoli per la casa,Detergenti e deodoranti per la casa
Elimina Odori Fresh Air 300 ml Conad,"5,63 € / Kg","1,69€",Articoli per la casa,Detergenti e deodoranti per la casa
Elimina Odori Lemon 300 ml Conad,"5,63 € / L","1,69€",Articoli per la casa,Detergenti e deodoranti per la casa
Profuma biancheria 3 pezzi Lavanda Conad,"1,98 € / conf","1,98€",Articoli per la casa,Detergenti e deodoranti per la casa
Profuma Biancheria Rosa 3 Sacchetti Conad,"1,98 € / conf","1,98€",Articoli per la casa,Detergenti e deodoranti per la casa
"Ambi Pur Bagno 2in1 Elimina e Previene, Profumatore Ambienti, Lavanda, 1 Deodorante",572.0 € / L,"2,96€",Articoli per la casa,Detergenti e deodoranti per la casa
"Ambi Pur Bagno 2in1 Elimina e Previene,Profumatore Ambienti,Lenor Risveglio Primaverile,1 Deodorante",572.0 € / L,"2,96€",Articoli per la casa,Detergenti e deodoranti per la casa
"Ambi Pur Profumatore per Ambienti 3Volution, Deodorante, Lenor Risveglio Primaverile, Ricarica 20ml",214.5 € / L,"2,96€",Articoli per la casa,Detergenti e deodoranti per la casa
"Ambi Pur Profumatore per Ambienti 3Volution, Lenor Oro e Fiori di Vaniglia, Ricarica 20ml",214.5 € / L,"2,96€",Articoli per la casa,Detergenti e deodoranti per la casa
"Ambi Pur Profumatore per Ambienti Elettrico Starter Kit 3Volution, Lenor Risveglio Primaverile,20 ml",347.2 € / L,"5,00€",Articoli per la casa,Detergenti e deodoranti per la casa
"Ambi Pur Profumatore per Ambienti Elettrico Starter Kit, Lenor Risveglio Primaverile, 20 ml",188.4 € / L,"2,75€",Articoli per la casa,Detergenti e deodoranti per la casa
Air Wick Profumatore per Ambienti Lavanda In Fiore Diffusore Elettrico 19 ml,"220,53 € / L","4,19€",Articoli per la casa,Detergenti e deodoranti per la casa
Air Wick Profumatore per Ambienti Lavanda in Fiore Ricarica 19 ml,"183,68 € / L","3,49€",Articoli per la casa,Detergenti e deodoranti per la casa
Air Wick Profumatore per Ambienti Vaniglia e Thè Bianco Ricarica 19 ml,"183,68 € / L","3,49€",Articoli per la casa,Detergenti e deodoranti per la casa
Botanica Sandalo & Vetiver Caraibico Profumatore ambiente bastoncini 80 ml,"124,88 € / L","9,99€",Articoli per la casa,Detergenti e deodoranti per la casa
Coccolino Profuma Biancheria Fiori di Tiaré e Frutti Rossi Sacchettini profumati cassetti armadi 3pz,"1,05 € / conf","3,15€",Articoli per la casa,Detergenti e deodoranti per la casa
Coccolino Profuma Biancheria Profumo di Primavera Sacchettini profumati per cassetti e armadi 3 pz,"1,03 € / conf","3,09€",Articoli per la casa,Detergenti e deodoranti per la casa
Emulsio Aromatherapy Profumo Ambienti Energia Mediterranea Arancia & Gelsomino 350 ml,"8,83 € / L","3,09€",Articoli per la casa,Detergenti e deodoranti per la casa
Emulsio Cattura Odori Gel per ambienti Rosa 150 g,"10,33 € / Kg","1,55€",Articoli per la casa,Detergenti e deodoranti per la casa
Febreze Classico Spray 500 ml,"5,68 € / L","2,84€",Articoli per la casa,Detergenti e deodoranti per la casa
Febreze Eliminatore Odori di Animali Spray 500 ml,"5,68 € / L","2,84€",Articoli per la casa,Detergenti e deodoranti per la casa
Glade Aromatherapy Candela Calm Mind 260gr,"29,19 € / Kg","7,59€",Articoli per la casa,Detergenti e deodoranti per la casa
Glade Aromatherapy Diffusore a bastoncini Pure Happiness 80ml,"87,38 € / L","6,99€",Articoli per la casa,Detergenti e deodoranti per la casa
"Glade Assorbiodori, Profumatore per la Casa e Armadi, Fragranza Lavanda 150g","11,67 € / Kg","1,75€",Articoli per la casa,Detergenti e deodoranti per la casa
"Glade Assorbiodori, Profumatore per la Casa e Armadi, Fragranza Mughetto 150g","11,67 € / Kg","1,75€",Articoli per la casa,Detergenti e deodoranti per la casa
"Glade Automatic Spray Base con Ricarica, Profumatore per ambienti, Fragranza Relaxing Zen 269ml","17,66 € / L","4,75€",Articoli per la casa,Detergenti e deodoranti per la casa
"Glade Automatic Spray Ricarica, Profumatore per Ambienti, Fragranza Relaxing Zen 269ml","15,95 € / L","4,29€",Articoli per la casa,Detergenti e deodoranti per la casa
"Glade Automatic Spray Ricarica, Profumatore per Ambienti, Fragranza Sensual Sandalwood&Jasmine 269ml","15,95 € / L","4,29€",Articoli per la casa,Detergenti e deodoranti per la casa
"Glade Candela profumata, fragranza Vaniglia, 129g","30,85 € / Kg","3,98€",Articoli per la casa,Detergenti e deodoranti per la casa
"Glade Gel Bagno, Profumatore per Ambienti, Fragranza Ocean Adventure 180g","13,83 € / Kg","2,49€",Articoli per la casa,Detergenti e deodoranti per la casa
Glade Liquido Elettrico Base Relaxing Zen 20ml,"179,50 € / L","3,59€",Articoli per la casa,Detergenti e deodoranti per la casa
Glade Liquido Elettrico Ricarica Relaxing Zen 20ml,"174,50 € / L","3,49€",Articoli per la casa,Detergenti e deodoranti per la casa
"Glade Liquido Elettrico Ricarica, Profumatore per Ambienti Fragranza Lavanda & Aloe 20ml","174,50 € / L","3,49€",Articoli per la casa,Detergenti e deodoranti per la casa
"Glade Sense&Spray Ricarica, Profumatore per Ambienti, Relaxing Zen 18 ml","199,44 € / L","3,59€",Articoli per la casa,Detergenti e deodoranti per la casa
"Glade Sense&Spray, Profumatore per Ambienti, Fragranza Relaxing Zen 18ml","210,56 € / L","3,79€",Articoli per la casa,Detergenti e deodoranti per la casa
"Glade Spray, profumatore per ambienti, fragranze assortite Lavanda, Mughetto, Relaxing Zen, 300ml","5,83 € / L","1,75€",Articoli per la casa,Detergenti e deodoranti per la casa
"Glade Touch & Fresh Base, Profumatore per Ambienti istantaneo, Relaxing Zen 10 ml","329,00 € / L","3,29€",Articoli per la casa,Detergenti e deodoranti per la casa
"Glade Touch&Fresh Ricarica, Profumatore per Ambienti, Fragranza Relaxing Zen 10ml","239,00 € / L","2,39€",Articoli per la casa,Detergenti e deodoranti per la casa
Glade® Aromatherapy Candela Pure Happiness 260gr,"29,19 € / Kg","7,59€",Articoli per la casa,Detergenti e deodoranti per la casa
"Glade® Aromatherapy Diffusore di oli essenziali Ricarica Pure Happiness 17,4ml","344,25 € / L","5,99€",Articoli per la casa,Detergenti e deodoranti per la casa
Mister Magic Ovetto Assorbiodori Frigo con estratti naturali di Limone 40 g,"1,80 € / conf","1,80€",Articoli per la casa,Detergenti e deodoranti per la casa
"Oust 3 in 1 Spray Disinfettante per Superfici e Tessuti d'Arredo, Fragranza Floreale 400ml","11,48 € / L","4,59€",Articoli per la casa,Detergenti e deodoranti per la casa
"Oust 3 in 1 Spray Disinfettante per Superfici e Tessuti d'Arredo, Fragranza Open Air, 400ml","11,48 € / L","4,59€",Articoli per la casa,Detergenti e deodoranti per la casa
Oust Spray 300ml,"10,63 € / L","3,19€",Articoli per la casa,Detergenti e deodoranti per la casa
Vetri e Multiuso 750 ml Conad,"1,71 € / L","1,28€",Articoli per la casa,Detergenti e deodoranti per la casa
Vetri Multiuso 750 ml Verso Natura Eco Conad,"2,24 € / L","1,68€",Articoli per la casa,Detergenti e deodoranti per la casa
Quasar Vetri 650 ml,"3,77 € / L","2,45€",Articoli per la casa,Detergenti e deodoranti per la casa
Quasar Vetri Ricarica 650 ml,"2,69 € / L","1,75€",Articoli per la casa,Detergenti e deodoranti per la casa
Winni's Multiuso 500 ml,"3,10 € / L","1,55€",Articoli per la casa,Detergenti e deodoranti per la casa
Detergente Cremoso Limone 500 ml Conad,"2,38 € / L","1,19€",Articoli per la casa,Detergenti e deodoranti per la casa
Detergente Igienizzante* per Superfici 100 ml Conad,"1990,00 € / L","1,99€",Articoli per la casa,Detergenti e deodoranti per la casa
Multiuso Disinfettante 750 ml Conad,"2,39 € / L","1,79€",Articoli per la casa,Detergenti e deodoranti per la casa
Salviette Igienizzanti Multisuperfici 60 pz Conad,"1,99 € / Kg","1,99€",Articoli per la casa,Detergenti e deodoranti per la casa
Sgrassatore al profumo di Marsiglia 750 ml Conad,"1,85 € / L","1,39€",Articoli per la casa,Detergenti e deodoranti per la casa
Sgrassatore Disinfettante 750 ml Conad,"2,39 € / L","1,79€",Articoli per la casa,Detergenti e deodoranti per la casa
Sgrassatore Marsiglia 750 ml Verso Natura Eco Conad,"2,39 € / L","1,79€",Articoli per la casa,Detergenti e deodoranti per la casa
Sgrassatore Marsiglia Ricarica 1 l Verso Natura Conad,"1,79 € / L","1,79€",Articoli per la casa,Detergenti e deodoranti per la casa
Sgrassatore Marsiglia ricarica ml.  750 Conad,"1,53 € / L","1,15€",Articoli per la casa,Detergenti e deodoranti per la casa
Ajax detersivo pavimenti Pino gel con candeggina igienizzante 1 L,2.0 € / L,"1,39€",Articoli per la casa,Detergenti e deodoranti per la casa
Chanteclair Forza & Igiene Sgrassatore con Candeggina Bouquet Fiorito 625 ml,4.5 € / L,"1,99€",Articoli per la casa,Detergenti e deodoranti per la casa
Chanteclair Sgrassatore universale con Bicarbonato 700 ml,4.2 € / L,"1,99€",Articoli per la casa,Detergenti e deodoranti per la casa
Chanteclair Sgrassatore Universale Disinfettante 700 ml,4.2 € / L,"1,99€",Articoli per la casa,Detergenti e deodoranti per la casa
Chanteclair Sgrassatore universale Profumo di Limone 700 ml,4.2 € / L,"1,99€",Articoli per la casa,Detergenti e deodoranti per la casa
Chanteclair Sgrassatore universale Profumo di Marsiglia 700 ml,4.2 € / L,"1,99€",Articoli per la casa,Detergenti e deodoranti per la casa
Ace Bagno Brillante Formula Anticalcare Senza Candeggina 500 ml,"3,98 € / L","1,99€",Articoli per la casa,Detergenti e deodoranti per la casa
Ace Sgrassatore Igienizzante Senza Candeggina Fresco pulito 500 ml,"3,98 € / L","1,99€",Articoli per la casa,Detergenti e deodoranti per la casa
Ace Sgrassatore Universale Senza Candeggina Fresco Profumo 500 ml,"3,98 € / L","1,99€",Articoli per la casa,Detergenti e deodoranti per la casa
Amuchina Bagno Spray 750ml,"3,99 € / L","2,99€",Articoli per la casa,Detergenti e deodoranti per la casa
Amuchina Sgrassatore Limone 750ml,"3,99 € / L","2,99€",Articoli per la casa,Detergenti e deodoranti per la casa
Amuchina Superfici Spray 750ml New,"3,99 € / L","2,99€",Articoli per la casa,Detergenti e deodoranti per la casa
Argentil Silver Polish Crema 150 ml,"26,60 € / L","3,99€",Articoli per la casa,Detergenti e deodoranti per la casa
Argentil Spray 150 ml,"37,87 € / L","5,68€",Articoli per la casa,Detergenti e deodoranti per la casa
Chanteclair Forza & Igiene Bagno Anticalcare 625 ml,"3,98 € / L","2,49€",Articoli per la casa,Detergenti e deodoranti per la casa
Cif Crema con micro-Cristalli 750 ml,"2,65 € / L","1,99€",Articoli per la casa,Detergenti e deodoranti per la casa
Cif Crema con micro-Cristalli Limone 500 ml,"3,78 € / L","1,89€",Articoli per la casa,Detergenti e deodoranti per la casa
Cif Gel con Candeggina 750 ml,"2,47 € / L","1,85€",Articoli per la casa,Detergenti e deodoranti per la casa
Cif Greenactive Bagno Profumo di Gelsomino 650 ml,"3,83 € / L","2,49€",Articoli per la casa,Detergenti e deodoranti per la casa
Cif Greenactive Sgrassatore Universale Aceto & Bicarbonato 650 ml,"3,83 € / L","2,49€",Articoli per la casa,Detergenti e deodoranti per la casa
Cif Spray Attivo con Candeggina 650 ml,"3,83 € / L","2,49€",Articoli per la casa,Detergenti e deodoranti per la casa
"Citrosil Home Protection - Sgrassatore Disinfettante, 650 ml","4,29 € / L","2,79€",Articoli per la casa,Detergenti e deodoranti per la casa
Emulsio Mangia Polvere l'Antistatico Legno Mobili e Porte in Legno 300 ml,"8,63 € / L","2,59€",Articoli per la casa,Detergenti e deodoranti per la casa
Emulsio Mangia Polvere l'Antistatico Naturale Freschezza di Agrumi 300 ml,"8,30 € / L","2,49€",Articoli per la casa,Detergenti e deodoranti per la casa
Emulsio Mangia Polvere l'Antistatico Profumato Magnolia e Gelsomino 300 ml,"9,30 € / L","2,79€",Articoli per la casa,Detergenti e deodoranti per la casa
Fornet forni e barbecue 300 ml,"10,97 € / L","3,29€",Articoli per la casa,Detergenti e deodoranti per la casa
Lysoform Azione Bagno Gel 750 ml,"2,52 € / L","1,89€",Articoli per la casa,Detergenti e deodoranti per la casa
Lysoform AzioneBagno Disinfettante 750 ml,"3,85 € / L","2,89€",Articoli per la casa,Detergenti e deodoranti per la casa
Lysoform Tutto in 1 Disinfettante 750 ml,"3,85 € / L","2,89€",Articoli per la casa,Detergenti e deodoranti per la casa
Mastro Lindo Diluito Bagno 930 ml,"2,68 € / L","2,49€",Articoli per la casa,Detergenti e deodoranti per la casa
Mastro Lindo Diluito Lavanda 930 ml,"2,68 € / L","2,49€",Articoli per la casa,Detergenti e deodoranti per la casa
Mastro Lindo Diluito Limone 930 ml,"2,68 € / L","2,49€",Articoli per la casa,Detergenti e deodoranti per la casa
Mister Magic Lavafrigo e Microonde arricchito con Aceto Naturale 500 ml,"6,78 € / L","3,39€",Articoli per la casa,Detergenti e deodoranti per la casa
Napisan Salviette Disinfettanti Total Protection Classic Biodegradabili 40 pz,"0,06 € / conf","2,39€",Articoli per la casa,Detergenti e deodoranti per la casa
Napisan Spray Classico Disinfettante 750 ml,"2,79 € / L","2,09€",Articoli per la casa,Detergenti e deodoranti per la casa
Napisan Spray Limone Sgrassatore igienizzante 750 ml,"2,79 € / L","2,09€",Articoli per la casa,Detergenti e deodoranti per la casa
"Pronto Olio Restauratore, colorazione scura, 100 ml","30,90 € / L","3,09€",Articoli per la casa,Detergenti e deodoranti per la casa
Pronto Spray Legno Classic 300ml,"9,97 € / L","2,99€",Articoli per la casa,Detergenti e deodoranti per la casa
Pronto Spray Legno Classic Extra Size 400ml,"7,48 € / L","2,99€",Articoli per la casa,Detergenti e deodoranti per la casa
Pronto Spray Multisuperficie Igienizzante 300ml,"7,63 € / L","2,29€",Articoli per la casa,Detergenti e deodoranti per la casa
"Pronto® Detergente Legno, Trigger al Profumo di  Aloe Vera, 500ml","4,58 € / L","2,29€",Articoli per la casa,Detergenti e deodoranti per la casa
"Pronto® Legno Vivo, crema nutriente e protettiva con cera d'api","14,45 € / L","2,89€",Articoli per la casa,Detergenti e deodoranti per la casa
SIDOL 150 ml,"15,20 € / L","2,28€",Articoli per la casa,Detergenti e deodoranti per la casa
"Smac - Brilla Acciaio Crema, Detergente per Superfici in Acciaio, Azione Lucidante 520 ml","6,13 € / L","3,19€",Articoli per la casa,Detergenti e deodoranti per la casa
"Smac - Brilla Acciaio Spray, Detergente per Superfici in Acciaio, Azione Lucidante 520 ml","6,13 € / L","3,19€",Articoli per la casa,Detergenti e deodoranti per la casa
Smac brilla Rame 250 ml,"13,56 € / L","3,39€",Articoli per la casa,Detergenti e deodoranti per la casa
"Smac Express Sgrassatore con Candeggina, Tecnologia Zero Aloni, Igienizzante e Smacchiante 650ml","3,06 € / L","1,99€",Articoli per la casa,Detergenti e deodoranti per la casa
"Smac Express Sgrassatore Cucina, Tecnologia Zero Aloni, Profumo di Limone, 650 ml","3,06 € / L","1,99€",Articoli per la casa,Detergenti e deodoranti per la casa
"Smac Express Sgrassatore Disinfettante, Elimina il 99,9% dei Batteri, Risciacquo Immediato, 650 ml","3,06 € / L","1,99€",Articoli per la casa,Detergenti e deodoranti per la casa
Smac Gas 500 ml,"3,78 € / L","1,89€",Articoli per la casa,Detergenti e deodoranti per la casa
Vim clorex Pulitore Universale 850 g,"1,87 € / Kg","1,59€",Articoli per la casa,Detergenti e deodoranti per la casa
Winni's Doccia 500 ml,"3,96 € / L","1,98€",Articoli per la casa,Detergenti e deodoranti per la casa
CONAD VERSO NATURA Pavimenti e Superfici Lavabili Pino & Cedro 1 l,"1,70 € / L","1,70€",Articoli per la casa,Detergenti e deodoranti per la casa
"Multi Superficie Disinfettante Cedro e Lime 1,5 L Conad","1,10 € / L","1,65€",Articoli per la casa,Detergenti e deodoranti per la casa
"Multi Superficie Disinfettante Fresca Protezione 1,5 L Conad","1,10 € / L","1,65€",Articoli per la casa,Detergenti e deodoranti per la casa
Pavimenti Ammoniaca 1 l Conad,"1,55 € / L","1,55€",Articoli per la casa,Detergenti e deodoranti per la casa
Pavimenti e Piastrelle Lavanda 1 l Conad,"1,15 € / L","1,15€",Articoli per la casa,Detergenti e deodoranti per la casa
Pavimenti e Piastrelle Limone 1 l Conad,"1,15 € / L","1,15€",Articoli per la casa,Detergenti e deodoranti per la casa
Pavimenti Superfici Delicate 1 l Conad,"1,55 € / L","1,55€",Articoli per la casa,Detergenti e deodoranti per la casa
Ajax detersivo pavimenti Disinfettante contro i batteri 950 ml,2.1 € / L,"1,39€",Articoli per la casa,Detergenti e deodoranti per la casa
Ajax detersivo pavimenti Igienizzante Essenziale Limone 950 ml,2.1 € / L,"1,39€",Articoli per la casa,Detergenti e deodoranti per la casa
Ajax detersivo pavimenti Classico igiene e freschezza 950 ml,"2,16 € / L","2,05€",Articoli per la casa,Detergenti e deodoranti per la casa
"Amuchina Pavimenti Freschezza Alpina 1 0,5 L","1,53 € / L","2,29€",Articoli per la casa,Detergenti e deodoranti per la casa
Fabuloso detersivo pavimenti Freschezza Floreale profumo 24h 950 ml,"2,73 € / L","2,59€",Articoli per la casa,Detergenti e deodoranti per la casa
Fabuloso detersivo pavimenti Freschezza Lavanda profumo 24h 950 ml,"2,73 € / L","2,59€",Articoli per la casa,Detergenti e deodoranti per la casa
Lysoform Protezione & Natura Disinfettante Freschezza di Agrumi 1250 ml,"2,20 € / L","2,75€",Articoli per la casa,Detergenti e deodoranti per la casa
Lysoform Protezione Completa Disinfettante Cedro e Bergamotto 1250 ml,"2,20 € / L","2,75€",Articoli per la casa,Detergenti e deodoranti per la casa
Lysoform Protezione Completa Disinfettante Classico 1250 ml,"2,20 € / L","2,75€",Articoli per la casa,Detergenti e deodoranti per la casa
Lysoform Protezione Completa Disinfettante Freschezza Alpina 1250 ml,"2,20 € / L","2,75€",Articoli per la casa,Detergenti e deodoranti per la casa
"Pronto Legno Pulito - Detergente Pavimenti Parquet, 750ml","3,32 € / L","2,49€",Articoli per la casa,Detergenti e deodoranti per la casa
Smac express Pavimenti Freschezza di Agrumi 1000 ml,"1,69 € / L","1,69€",Articoli per la casa,Detergenti e deodoranti per la casa
Smac express Pavimenti Freschezza Intensa 1000 ml,"1,69 € / L","1,69€",Articoli per la casa,Detergenti e deodoranti per la casa
Winni's Naturel Pavimenti & Superfici Lavabili Igienizzante 1000 ml,"1,95 € / L","1,95€",Articoli per la casa,Detergenti e deodoranti per la casa
CONAD WC Gel con Candeggina Profumata 1 l,1.7 € / L,"1,35€",Articoli per la casa,Detergenti e deodoranti per la casa
CONAD WC Gel Disincrostante 1 l,1.7 € / L,"1,35€",Articoli per la casa,Detergenti e deodoranti per la casa
CONAD Tavoletta WC con Candeggina e Acqua Blu 5 Azioni 2 x 33 g,"2,09 € / conf","2,09€",Articoli per la casa,Detergenti e deodoranti per la casa
CONAD Tavoletta WC Profumata 5 Azioni 2 x 55 g,"2,09 € / conf","2,09€",Articoli per la casa,Detergenti e deodoranti per la casa
CONAD VERSO NATURA WC Gel Fresco Profumo 750 ml,"2,39 € / L","1,79€",Articoli per la casa,Detergenti e deodoranti per la casa
Tavolette per cassetta 2 pezzi da 50 g Conad,"0,95 € / conf","0,95€",Articoli per la casa,Detergenti e deodoranti per la casa
Tavolette per wc Candeggina 2 x 40 g Conad,"0,99 € / conf","0,99€",Articoli per la casa,Detergenti e deodoranti per la casa
Tavolette per wc Freschezza Alpina 4 x 40 g Conad,"1,39 € / conf","1,39€",Articoli per la casa,Detergenti e deodoranti per la casa
Tavolette per wc Freschezza Marina 4 x 40 g Conad,"1,39 € / conf","1,39€",Articoli per la casa,Detergenti e deodoranti per la casa
Ace WC con Candeggina Tavoletta 2 x 48 g,"2,39 € / conf","2,39€",Articoli per la casa,Detergenti e deodoranti per la casa
Ace WC Freschezza Marina Tavoletta 2 x 48 g,"2,39 € / conf","2,39€",Articoli per la casa,Detergenti e deodoranti per la casa
Ace Wc Gel Candeggina 700 ml,"3,13 € / L","2,19€",Articoli per la casa,Detergenti e deodoranti per la casa
Ace Wc Gel Disincrostante 700 ml,"3,13 € / L","2,19€",Articoli per la casa,Detergenti e deodoranti per la casa
BREF WC Blue Activ  Igiene 50 g,"49,80 € / Kg","2,49€",Articoli per la casa,Detergenti e deodoranti per la casa
BREF WC Blue Active  Floral 50gr,"49,80 € / Kg","2,49€",Articoli per la casa,Detergenti e deodoranti per la casa
BREF WC Brilliant Gel Tutto in 1 Forza Artica 42 g,"59,29 € / Kg","2,49€",Articoli per la casa,Detergenti e deodoranti per la casa
BREF WC Perfume Change-cassa mista Mela Verde & Ninfea Rosa - Mela Cotogna & Pesca Nettarina,"49,80 € / Kg","2,49€",Articoli per la casa,Detergenti e deodoranti per la casa
BREF WC ProNature Menta Eucalipto 50gr,"49,80 € / Kg","2,49€",Articoli per la casa,Detergenti e deodoranti per la casa
"Duck Fresh Discs - Base per Dischi Gel Igienizzanti WC, Fragranza Eucalipto, 36ml","81,94 € / L","2,95€",Articoli per la casa,Detergenti e deodoranti per la casa
"Duck Fresh Discs - Base per Dischi Gel Igienizzanti WC, Fragranza Marine 36ml","81,94 € / L","2,95€",Articoli per la casa,Detergenti e deodoranti per la casa
"Duck Fresh Discs - Doppia Ricarica, Fragranza Eucalipto, 2 x 36 ml","55,42 € / L","3,99€",Articoli per la casa,Detergenti e deodoranti per la casa
"Duck Fresh Discs - Doppia Ricarica, Fragranza Marine, 2 x 36 ml","110,83 € / L","3,99€",Articoli per la casa,Detergenti e deodoranti per la casa
"Wc Net - Candeggina gel, mountain fresh, 700 ml","4,13 € / L","2,89€",Articoli per la casa,Detergenti e deodoranti per la casa
"Wc Net - Candeggina profumata gel, flower fresh, 700 ml","4,13 € / L","2,89€",Articoli per la casa,Detergenti e deodoranti per la casa
"Wc Net - Igiene Totale gel, azione virucida, 700 ml","4,13 € / L","2,89€",Articoli per la casa,Detergenti e deodoranti per la casa
"Wc Net - Profumoso gel, lime fresh, 700 ml","4,11 € / Kg","2,89€",Articoli per la casa,Detergenti e deodoranti per la casa
"Wc Net - Tavoletta Style Active, Detergente Igienizzante Solido per WC, Blue Sensation, 1 Pezzo","56,16 € / Kg","2,05€",Articoli per la casa,Detergenti e deodoranti per la casa
ACIDO MURIATICO 1 l,"0,89 € / L","0,89€",Articoli per la casa,Detergenti e deodoranti per la casa
ACIDO MURIATICO PROFUMATO 1 l,"0,94 € / L","0,94€",Articoli per la casa,Detergenti e deodoranti per la casa
CANDELA PROFUM.LINEAFRESH ASSORTITA,"3,99 € / conf","3,99€",Articoli per la casa,Detergenti e deodoranti per la casa
PURIF.ARIA GOOD & SAN RICARICA,"31,32 € / Kg","6,89€",Articoli per la casa,Detergenti e deodoranti per la casa
AMMONIACA CLASSICA LINDOR 1l,"0,45 € / L","0,45€",Articoli per la casa,Detergenti e deodoranti per la casa
AMMONIACA PROFUMATA CON DETERG.2l,"0,62 € / L","1,25€",Articoli per la casa,Detergenti e deodoranti per la casa
DETERGENTE SANICASA CON ALCOOL 1l,"1,10 € / L","1,10€",Articoli per la casa,Detergenti e deodoranti per la casa
OLIO PAGLIERINO X MOBILI 200ml,"7,75 € / L","1,55€",Articoli per la casa,Detergenti e deodoranti per la casa
OLIO VASELINA FU ENOLOGICO 200ml,"12,25 € / L","2,45€",Articoli per la casa,Detergenti e deodoranti per la casa
PAVIMENTI PROFUMATO DESIDERIO 1l,"5,89 € / L","5,89€",Articoli per la casa,Detergenti e deodoranti per la casa
VETROCERAMICA E INDUZIONE 250ml,"31,56 € / L","7,89€",Articoli per la casa,Detergenti e deodoranti per la casa
WINTO DETERGENTE PARQUET NUNCAS 1l,"7,09 € / L","7,09€",Articoli per la casa,Detergenti e deodoranti per la casa
Guanti in Lattice Felpati Taglia L 1 Paio Conad,"0,99 € / conf","0,99€",Articoli per la casa,Accessori per la pulizia
Guanti in Lattice Felpati Taglia M 1 Paio Conad,"0,99 € / conf","0,99€",Articoli per la casa,Accessori per la pulizia
Guanti in Lattice Felpati Taglia S 1 Paio Conad,"0,99 € / conf","0,99€",Articoli per la casa,Accessori per la pulizia
Guanti in Lattice Monouso Senza Polvere Taglia L 100 Guanti Conad,"7,90 € / conf","7,90€",Articoli per la casa,Accessori per la pulizia
Guanti in Lattice Monouso Senza Polvere Taglia M 100 Guanti Conad,"7,90 € / conf","7,90€",Articoli per la casa,Accessori per la pulizia
Guanti in Lattice Monouso Senza Polvere Taglia M/L 20 Guanti Conad,"2,69 € / conf","2,69€",Articoli per la casa,Accessori per la pulizia
Guanti in Lattice Monouso Senza Polvere Taglia S 100 Guanti Conad,"7,90 € / conf","7,90€",Articoli per la casa,Accessori per la pulizia
Guanti in Lattice Monouso Senza Polvere Taglia S/M 20 Guanti Conad,"2,69 € / conf","2,69€",Articoli per la casa,Accessori per la pulizia
Guanti in Lattice Satinati Senza Felpatura Taglia L 1 Paio Conad,"0,99 € / conf","0,99€",Articoli per la casa,Accessori per la pulizia
Guanti in Lattice Satinati Senza Felpatura Taglia M 1 Paio Conad,"0,99 € / conf","0,99€",Articoli per la casa,Accessori per la pulizia
Guanti in Lattice Satinati Senza Felpatura Taglia S 1 Paio Conad,"0,99 € / conf","0,99€",Articoli per la casa,Accessori per la pulizia
Guanti in Nitrile Monouso Senza Polvere Taglia L 100 Guanti Conad,"8,90 € / conf","8,90€",Articoli per la casa,Accessori per la pulizia
Guanti in Nitrile Monouso Senza Polvere Taglia M 100 Guanti Conad,"8,90 € / conf","8,90€",Articoli per la casa,Accessori per la pulizia
Guanti in Nitrile Monouso Senza Polvere Taglia S 100 Guanti Conad,"8,90 € / conf","8,90€",Articoli per la casa,Accessori per la pulizia
Guanti in Nitrile Senza Lattice Taglia L 1 Paio Conad,"1,49 € / conf","1,49€",Articoli per la casa,Accessori per la pulizia
Guanti in Nitrile Senza Lattice Taglia M 1 Paio Conad,"1,49 € / conf","1,49€",Articoli per la casa,Accessori per la pulizia
Guanti in Nitrile Senza Lattice Taglia S 1 Paio Conad,"1,49 € / conf","1,49€",Articoli per la casa,Accessori per la pulizia
Spontex Guanti Casalinghi Comfort Taglia L,"1,89 € / conf","1,89€",Articoli per la casa,Accessori per la pulizia
Spontex Guanti Casalinghi Comfort Taglia M,"1,89 € / conf","1,89€",Articoli per la casa,Accessori per la pulizia
Spontex Guanti Casalinghi Comfort Taglia S,"1,89 € / conf","1,89€",Articoli per la casa,Accessori per la pulizia
"Vileda guanti casalinghi Comfort Extra in lattice, massima protezione e resistenza, taglia M","0,89 € / conf","1,78€",Articoli per la casa,Accessori per la pulizia
"Vileda guanti casalinghi Comfort Extra in lattice, massima protezione e resistenza, taglia S","0,89 € / conf","1,78€",Articoli per la casa,Accessori per la pulizia
Panno Microfibra 3 Multiuso   1 per Sporco Difficile Conad,"3,29 € / conf","3,29€",Articoli per la casa,Accessori per la pulizia
Panno multiuso 3 pz Conad,"0,99 € / conf","0,99€",Articoli per la casa,Accessori per la pulizia
Panno Spugna 4 Pezzi Conad,"1,49 € / conf","1,49€",Articoli per la casa,Accessori per la pulizia
Spirale Acciaio Inox 2 Pezzi Conad,"0,79 € / conf","0,79€",Articoli per la casa,Accessori per la pulizia
Spugna Doppia Azione 2 pz Conad,"0,79 € / conf","0,79€",Articoli per la casa,Accessori per la pulizia
Spugna Doppia Azione 3 pz Conad,"0,99 € / conf","0,99€",Articoli per la casa,Accessori per la pulizia
Spugna Doppia Azione con Spugna Vegetale 2 pz Conad,"0,99 € / conf","0,99€",Articoli per la casa,Accessori per la pulizia
Spugna Doppia Azione Delicata 2 pz Conad,"0,45 € / conf","0,45€",Articoli per la casa,Accessori per la pulizia
Arix Splendelli SpugnaForte 5 pz,"0,25 € / conf","1,25€",Articoli per la casa,Accessori per la pulizia
Ballerina Panno 3 pz,"0,57 € / conf","1,70€",Articoli per la casa,Accessori per la pulizia
Bravo Sgrassante 7 Pagliette Saponate al Limone per stoviglie,"0,15 € / conf","1,05€",Articoli per la casa,Accessori per la pulizia
Mastro Lindo Gomma Magica Original 2 pz,"0,90 € / conf","1,79€",Articoli per la casa,Accessori per la pulizia
Scotch-Brite Classic Scrub Sponge 2 pz,"1,45 € / conf","1,45€",Articoli per la casa,Accessori per la pulizia
Scotch-Brite Classic Scub Sponge 2 pz   Extreme Scrub Sponge 1 pz,"0,99 € / conf","0,99€",Articoli per la casa,Accessori per la pulizia
Scotch-Brite Classic Super absorbent scrub sponge 3 pz,"1,89 € / conf","1,89€",Articoli per la casa,Accessori per la pulizia
Spontex Doppiouso x2,"0,64 € / conf","1,29€",Articoli per la casa,Accessori per la pulizia
Spontex Microfibre x4,"0,74 € / conf","2,95€",Articoli per la casa,Accessori per la pulizia
Spontex Panni Spugna x4,"0,39 € / conf","1,55€",Articoli per la casa,Accessori per la pulizia
Spontex Spirale Spirenett' x2,"0,78 € / conf","1,55€",Articoli per la casa,Accessori per la pulizia
Spontex Universale Antibac Salvaunghie 2 1,"0,60 € / conf","1,79€",Articoli per la casa,Accessori per la pulizia
Vileda Actifibre Vetri e Finestre 1 pz,"2,39 € / conf","2,39€",Articoli per la casa,Accessori per la pulizia
"Vileda Glitzi Crystal - spugna abrasiva da cucina con trattamento antibatterico sulla fibra, 3x","0,40 € / conf","1,19€",Articoli per la casa,Accessori per la pulizia
"Vileda Lavasciuga - panni multiuso per piatti e stoviglie, con 50% in microfibra, 3x 34x34 cm","0,65 € / conf","1,95€",Articoli per la casa,Accessori per la pulizia
Vileda Microfibre Colors XL cm 36x34 4pz,"1,00 € / conf","3,99€",Articoli per la casa,Accessori per la pulizia
"Vileda Ondattiva - spugna abrasiva da cucina, antigraffio. 2 1x","0,48 € / conf","1,45€",Articoli per la casa,Accessori per la pulizia
Wettex Morbido 3 pz,"0,48 € / conf","1,45€",Articoli per la casa,Accessori per la pulizia
Wettex Panno Magico 3 pz,"0,58 € / conf","1,75€",Articoli per la casa,Accessori per la pulizia
CONAD Kit Catturapolvere   6 Piumini,"2,49 € / conf","2,49€",Articoli per la casa,Accessori per la pulizia
CONAD Panno Pavimenti con Cotone 1 Pezzo,"1,59 € / conf","1,59€",Articoli per la casa,Accessori per la pulizia
CONAD Piumini Catturapolvere 10 Rcariche,"2,99 € / conf","2,99€",Articoli per la casa,Accessori per la pulizia
CONAD Set Paletta con Spazzola,"1,99 € / conf","1,99€",Articoli per la casa,Accessori per la pulizia
CONAD VERSO NATURA Eco Paletta Raccogli Sporco,"0,99 € / conf","0,99€",Articoli per la casa,Accessori per la pulizia
CONAD VERSO NATURA Eco Scopa Bassa,"2,49 € / conf","2,49€",Articoli per la casa,Accessori per la pulizia
CONAD VERSO NATURA Eco Scopa per Esterni,"2,79 € / conf","2,79€",Articoli per la casa,Accessori per la pulizia
Fiocco pavimenti a Ridotto Impatto Ambientale 1 pz Verso Natura Eco Conad,"2,49 € / conf","2,49€",Articoli per la casa,Accessori per la pulizia
Fiocco Pavimenti con Microfibra Conad,"1,99 € / conf","1,99€",Articoli per la casa,Accessori per la pulizia
Manico 130 cm Verso Natura Eco Conad,"1,95 € / conf","1,95€",Articoli per la casa,Accessori per la pulizia
Manico Lunghezza 130 cm Attacco Universale Conad,"1,10 € / conf","1,10€",Articoli per la casa,Accessori per la pulizia
Panno Catturapolvere 20 Pezzi Conad,"1,59 € / conf","1,59€",Articoli per la casa,Accessori per la pulizia
Panno Pavimenti Cotone e Microfibra 1 Pezzo Conad,"1,89 € / conf","1,89€",Articoli per la casa,Accessori per la pulizia
Panno Pavimenti Microfibra 2 pz Conad,"2,59 € / conf","2,59€",Articoli per la casa,Accessori per la pulizia
Scopa Alta Conad,"1,99 € / conf","1,99€",Articoli per la casa,Accessori per la pulizia
Scopa Bassa con Paracolpi Conad,"2,29 € / conf","2,29€",Articoli per la casa,Accessori per la pulizia
Set Scopa e Manico Componibile Conad,"4,75 € / conf","4,75€",Articoli per la casa,Accessori per la pulizia
Spazzolone con Paracolpi Conad,"1,99 € / conf","1,99€",Articoli per la casa,Accessori per la pulizia
Swiffer Duster Cattura Polvere - Ricarica 8 Piumini per spolverare,1.2 € / conf,"5,99€",Articoli per la casa,Accessori per la pulizia
Swiffer Panni Cattura Polvere per Scopa Swiffer - Ricarica 32 Salviette,0.3 € / conf,"5,99€",Articoli per la casa,Accessori per la pulizia
Swiffer Wet Panni Umidi Lavapavimenti Freschezza gli agrumi - Ricarica 20 Salviette,0.5 € / conf,"5,99€",Articoli per la casa,Accessori per la pulizia
Arix Strofì Panno Pavimenti,"2,90 € / conf","2,90€",Articoli per la casa,Accessori per la pulizia
Lysoform Salviette Pavimenti XXL Detergenti Igienizzanti Classico 15 pz,"0,27 € / conf","3,99€",Articoli per la casa,Accessori per la pulizia
Swiffer Panni Cattura Polvere per Scopa Swiffer - Ricarica 18 Salviette,"0,26 € / conf","4,59€",Articoli per la casa,Accessori per la pulizia
Swiffer Wet Panni Umidi Lavapavimenti Limone - Ricarica 10 Salviette,"0,50 € / conf","4,99€",Articoli per la casa,Accessori per la pulizia
Swiffer XXL Kit Duster (1 Manico    Piumini per spolverare),"5,65 € / conf","5,65€",Articoli per la casa,Accessori per la pulizia
"Vileda Igiene Super - panno per pulire tutti i tipi di pavimento, con 50% in microfibra - 3pz 45x50 cm","0,93 € / conf","2,79€",Articoli per la casa,Accessori per la pulizia
Vileda Manico supermocio,"2,75 € / conf","2,75€",Articoli per la casa,Accessori per la pulizia
Vileda Supermocio 3Action,"2,99 € / conf","2,99€",Articoli per la casa,Accessori per la pulizia
Vileda Supermocio Torsion Power   Manico Intero   Supermocio 3Action,"15,65 € / conf","15,65€",Articoli per la casa,Accessori per la pulizia
Eden Natural Comfort Spugna Autolucidante Neutra,"2,70 € / conf","2,70€",Articoli per la casa,Accessori per la pulizia
Sacchetti per Rifiuti Umidi/Organici 50x60 cm 30 litri 10 pz Verso Natura Eco Conad,"2,75 € / conf","2,75€",Articoli per la casa,Accessori per la pulizia
Sacchetti per Rifiuti Umidi/Organici con Maniglie 42x44 cm 12 litri 15 pz Verso Natura Eco Conad,"2,75 € / conf","2,75€",Articoli per la casa,Accessori per la pulizia
Sacchi nettezza Condominiali con Laccio 10 Sacchi Conad,"2,19 € / conf","2,19€",Articoli per la casa,Accessori per la pulizia
Sacchi Nettezza Domestici con Laccio 20 Sacchi Conad,"1,30 € / conf","1,30€",Articoli per la casa,Accessori per la pulizia
Sacchi nettezza Domestici con Maniglie 15 sacchi Conad,"2,09 € / conf","2,09€",Articoli per la casa,Accessori per la pulizia
Sacchi nettezza Domestici con Maniglie 30 Sacchi Conad,"3,15 € / conf","3,15€",Articoli per la casa,Accessori per la pulizia
Sacchi nettezza Formato Maxi con Laccio 10 Sacchi Conad,"3,75 € / conf","3,75€",Articoli per la casa,Accessori per la pulizia
Domopak Spazzy Antiforo Profumati con Manici 28l 52x54cm Brezza Alpina 15 pz,"0,15 € / conf","2,25€",Articoli per la casa,Accessori per la pulizia
PELLET GEM.ENPLUS A1 ITA 15kg x72,"0,40 € / Kg","5,99€",Articoli per la casa,Accessori per la pulizia
GUA592M GUANTI IN LATTICE 5* 100 PZ,"30,28 € / Kg","10,90€",Articoli per la casa,Accessori per la pulizia
GUA592S GUANTI IN LATTICE 5* 100 PZ,"30,28 € / Kg","10,90€",Articoli per la casa,Accessori per la pulizia
SCOPA SAGGINA CON MANICO,"7,90 € / conf","7,90€",Articoli per la casa,Accessori per la pulizia
ANTIAC.CALZANETTO SPRAY NEUTRO200ml,"22,00 € / L","4,40€",Articoli per la casa,Accessori per la pulizia
SPUGNA NEW CALZANET.DEISA CAMOSCIO,"4,30 € / conf","4,30€",Articoli per la casa,Accessori per la pulizia
SPUGNA NEW CALZANETTO DEISA NERO,"3,79 € / conf","3,79€",Articoli per la casa,Accessori per la pulizia
SPUGNA NEW CALZANETTODEISA NEUTRO,"4,10 € / conf","4,10€",Articoli per la casa,Accessori per la pulizia
SACC.PATT.C/LACC.70x110 10pz TRASP.,"2,55 € / conf","2,55€",Articoli per la casa,Accessori per la pulizia
SACCH.R.DIFF.CSC GIALLO 70x110 10pz,"2,55 € / conf","2,55€",Articoli per la casa,Accessori per la pulizia
SACCH.R.DIFF.CSC GRIGIO 70x110 10pz,"2,55 € / conf","2,55€",Articoli per la casa,Accessori per la pulizia
SACCH.R.DIFF.CSC VIOLA 70x110 10pz,"2,55 € / conf","2,55€",Articoli per la casa,Accessori per la pulizia
SACCHI PATT.BAGNO CSC 35x50 20pz,"1,55 € / conf","1,55€",Articoli per la casa,Accessori per la pulizia
Alluminio Superresistente 150 m Conad,"16,30 € / conf","16,30€",Articoli per la casa,Pellicole e Contenitori per alimenti
Alluminio Superresistente 16 metri Conad,"3,15 € / conf","3,15€",Articoli per la casa,Pellicole e Contenitori per alimenti
Alluminio Superresistente 32 metri Conad,"5,49 € / conf","5,49€",Articoli per la casa,Pellicole e Contenitori per alimenti
Alluminio Superresistente 8 metri Conad,"1,70 € / conf","1,70€",Articoli per la casa,Pellicole e Contenitori per alimenti
Carta da Forno Antiaderente 16 metri Conad,"1,89 € / conf","1,89€",Articoli per la casa,Pellicole e Contenitori per alimenti
Carta da Forno Antiaderente 8 metri Conad,"1,60 € / conf","1,60€",Articoli per la casa,Pellicole e Contenitori per alimenti
Carta da Forno Antiaderente Pretagliata 25 fogli Conad,"1,85 € / conf","1,85€",Articoli per la casa,Pellicole e Contenitori per alimenti
Pellicola Superaderente 25 metri Conad,"1,55 € / conf","1,55€",Articoli per la casa,Pellicole e Contenitori per alimenti
Pellicola Superaderente 300 m Conad,"9,29 € / conf","9,29€",Articoli per la casa,Pellicole e Contenitori per alimenti
Pellicola Superaderente 50 metri Conad,"2,55 € / conf","2,55€",Articoli per la casa,Pellicole e Contenitori per alimenti
Cuki Conserva Carta Frigo 16 metri - Speciale formaggi,"0,22 € / conf","3,50€",Articoli per la casa,Pellicole e Contenitori per alimenti
Cuki Conserva e Cuoce Alluminio 25 m,"0,16 € / conf","3,89€",Articoli per la casa,Pellicole e Contenitori per alimenti
Cuki Conserva e Cuoce Alluminio plus 8 m,"0,38 € / conf","3,05€",Articoli per la casa,Pellicole e Contenitori per alimenti
Cuki Conserva Pellicola superaderente 25 m,"0,07 € / conf","1,79€",Articoli per la casa,Pellicole e Contenitori per alimenti
Cuki Cuoce Carta Forno naturale 20 fogli 33 x 38 cm,"0,07 € / conf","1,45€",Articoli per la casa,Pellicole e Contenitori per alimenti
Cuki Professional Carta Forno H36cm x 50 metri,"0,16 € / conf","8,15€",Articoli per la casa,Pellicole e Contenitori per alimenti
Domopak Alluminio 16 metri,"0,21 € / conf","3,29€",Articoli per la casa,Pellicole e Contenitori per alimenti
Domopak Pellicola 2in1 20 metri,"0,11 € / conf","2,15€",Articoli per la casa,Pellicole e Contenitori per alimenti
Cuki Prepara Anelli Elastici (80 pz),"0,03 € / conf","2,45€",Articoli per la casa,Pellicole e Contenitori per alimenti
Cuki Prepara Spago da cucina,"1,65 € / conf","1,65€",Articoli per la casa,Pellicole e Contenitori per alimenti
F.lli Rebecchi Valtrebbia Candeline per la torta 12 pz,"0,22 € / conf","2,59€",Articoli per la casa,Pellicole e Contenitori per alimenti
F.lli Rebecchi Valtrebbia Party time Candeline auguri,"2,95 € / conf","2,95€",Articoli per la casa,Pellicole e Contenitori per alimenti
F.lli Rebecchi Valtrebbia Party time fontane per la festa 2 pz,"4,75 € / conf","4,75€",Articoli per la casa,Pellicole e Contenitori per alimenti
Mariarosa Candelina numero azzurra,"2,45 € / conf","2,45€",Articoli per la casa,Pellicole e Contenitori per alimenti
Mariarosa Candelina numero rosa,"2,45 € / conf","2,45€",Articoli per la casa,Pellicole e Contenitori per alimenti
Mariarosa Candeline per la tua festa di compleanno Rosa 12 pz,"0,22 € / conf","2,59€",Articoli per la casa,Pellicole e Contenitori per alimenti
Sacchetti Gelo Grandi 28x42cm 15 pezzi Conad,"0,85 € / conf","0,85€",Articoli per la casa,Pellicole e Contenitori per alimenti
Sacchetti Gelo Grandi 28x42cm 50 pezzi Conad,"1,95 € / conf","1,95€",Articoli per la casa,Pellicole e Contenitori per alimenti
Sacchetti Gelo Medi 23x32cm 20 pezzi Conad,"0,85 € / conf","0,85€",Articoli per la casa,Pellicole e Contenitori per alimenti
Sacchetti Gelo Medi 23x32cm 75 pezzi Conad,"1,95 € / conf","1,95€",Articoli per la casa,Pellicole e Contenitori per alimenti
Sacchetti Gelo Piccoli 18x28cm 100 pezzi Conad,"1,95 € / conf","1,95€",Articoli per la casa,Pellicole e Contenitori per alimenti
Sacchetti Gelo Piccoli 18x28cm 30 pezzi Conad,"0,85 € / conf","0,85€",Articoli per la casa,Pellicole e Contenitori per alimenti
Sacchetti Ghiaccio 180 Cubetti 10 pezzi Conad,"1,35 € / conf","1,35€",Articoli per la casa,Pellicole e Contenitori per alimenti
Vaschette in Alluminio Caldo 1 Porzione 12 pezzi Conad,"1,29 € / conf","1,29€",Articoli per la casa,Pellicole e Contenitori per alimenti
Vaschette in Alluminio Caldo 12 Porzioni 2 pezzi Conad,"1,59 € / conf","1,59€",Articoli per la casa,Pellicole e Contenitori per alimenti
Vaschette in Alluminio Caldo 2 Porzioni 5 pezzi Conad,"1,29 € / conf","1,29€",Articoli per la casa,Pellicole e Contenitori per alimenti
Vaschette in Alluminio Caldo 4 Porzioni 4 pezzi Conad,"1,29 € / conf","1,29€",Articoli per la casa,Pellicole e Contenitori per alimenti
Vaschette in Alluminio Caldo 6 Porzioni 2 pezzi Conad,"1,29 € / conf","1,29€",Articoli per la casa,Pellicole e Contenitori per alimenti
Vaschette in Alluminio Caldo 8 Porzioni 2 pezzi Conad,"1,29 € / conf","1,29€",Articoli per la casa,Pellicole e Contenitori per alimenti
Vaschette in Alluminio Caldo Gelo con Coperchio 1 Porzione 5 pezzi Conad,"1,29 € / conf","1,29€",Articoli per la casa,Pellicole e Contenitori per alimenti
Vaschette in Alluminio Caldo Gelo con Coperchio 2 Porzioni 4 pezzi Conad,"1,29 € / conf","1,29€",Articoli per la casa,Pellicole e Contenitori per alimenti
Vaschette in Alluminio Caldo Gelo con Coperchio 4 Porzioni 3 pezzi Conad,"1,29 € / conf","1,29€",Articoli per la casa,Pellicole e Contenitori per alimenti
Vaschette in Alluminio Caldo Per Pizza 3 pezzi Conad,"1,29 € / conf","1,29€",Articoli per la casa,Pellicole e Contenitori per alimenti
Vaschette in Alluminio Caldo Per Torta 3 pezzi Conad,"1,29 € / conf","1,29€",Articoli per la casa,Pellicole e Contenitori per alimenti
Cuki Congela Gelopiù sacchetti freezer 7 strati Formato Grande 29 x 42 cm 15 pz,"0,11 € / conf","1,69€",Articoli per la casa,Pellicole e Contenitori per alimenti
Cuki Congela Gelopiù sacchetti freezer 7 strati Formato Medio 23 x 32 cm 20 pz,"0,08 € / conf","1,69€",Articoli per la casa,Pellicole e Contenitori per alimenti
Cuki Congela Gelopiù sacchetti freezer 7 strati Formato Piccolo 18 x 28 cm 30 pz,"0,06 € / conf","1,69€",Articoli per la casa,Pellicole e Contenitori per alimenti
Cuki Conserva e Cuoce Vaschette Alluminio con Coperchi 8 cm 10 pz,"0,18 € / conf","1,79€",Articoli per la casa,Pellicole e Contenitori per alimenti
Cuki Conserva e Cuoce Vaschette alluminio con coperchi 8porzioni - 2 pz (R98),"0,90 € / conf","1,79€",Articoli per la casa,Pellicole e Contenitori per alimenti
Cuki Conserva Verdefresco Sacchetti frigo per verdure (29x42cm - 20 pezzi),"0,07 € / conf","1,35€",Articoli per la casa,Pellicole e Contenitori per alimenti
Cuki Cuoce Vaschette alluminio con manici 12porzioni - 2 pz (RS74),"1,05 € / conf","2,10€",Articoli per la casa,Pellicole e Contenitori per alimenti
Cuki Cuoce Vaschette alluminio per pollo arrosto - 2 pz (E1),"0,85 € / conf","1,70€",Articoli per la casa,Pellicole e Contenitori per alimenti
Cuki Cuoce Vaschette in Cartoncino 2/3 porzioni - 3 pz (RC 63),"0,77 € / conf","2,30€",Articoli per la casa,Pellicole e Contenitori per alimenti
Sacchetti per Rifiuti Umidi/Organici 50x60 cm 30 litri 10 pz Verso Natura Eco Conad,"2,75 € / conf","2,75€",Articoli per la casa,Articoli per la tavola usa e getta
Sacchetti per Rifiuti Umidi/Organici con Maniglie 42x44 cm 12 litri 15 pz Verso Natura Eco Conad,"2,75 € / conf","2,75€",Articoli per la casa,Articoli per la tavola usa e getta
Sacchi nettezza Condominiali con Laccio 10 Sacchi Conad,"2,19 € / conf","2,19€",Articoli per la casa,Articoli per la tavola usa e getta
Sacchi Nettezza Domestici con Laccio 20 Sacchi Conad,"1,30 € / conf","1,30€",Articoli per la casa,Articoli per la tavola usa e getta
Sacchi nettezza Domestici con Maniglie 15 sacchi Conad,"2,09 € / conf","2,09€",Articoli per la casa,Articoli per la tavola usa e getta
Sacchi nettezza Domestici con Maniglie 30 Sacchi Conad,"3,15 € / conf","3,15€",Articoli per la casa,Articoli per la tavola usa e getta
Sacchi nettezza Formato Maxi con Laccio 10 Sacchi Conad,"3,75 € / conf","3,75€",Articoli per la casa,Articoli per la tavola usa e getta
Domopak Spazzy Antiforo Profumati con Manici 28l 52x54cm Brezza Alpina 15 pz,"0,15 € / conf","2,25€",Articoli per la casa,Articoli per la tavola usa e getta
Asciugatutto 2 veli 3 rotoli Conad,"1,79 € / conf","1,79€",Articoli per la casa,Articoli per la tavola usa e getta
Asciugatutto 3 rotoli 3 veli 50 strappi Conad,"1,89 € / conf","1,89€",Articoli per la casa,Articoli per la tavola usa e getta
Asciugatutto Maxi Ecologico 2 Veli 2 Maxi Rotoli Verso Natura Eco Conad,"1,99 € / conf","1,99€",Articoli per la casa,Articoli per la tavola usa e getta
Maxi Asciugatutto 2 veli 2 Rotoli Conad,"1,99 € / conf","1,99€",Articoli per la casa,Articoli per la tavola usa e getta
Maxi Asciugatutto 2 Veli 350 Strappi 1 Rotolo Conad,"3,69 € / conf","3,69€",Articoli per la casa,Articoli per la tavola usa e getta
Maxi Asciugatutto Ultra Assorbente 3 Veli 100 Strappi 2 Rotoli Conad,"2,59 € / conf","2,59€",Articoli per la casa,Articoli per la tavola usa e getta
Multiuso 2 Veli 530 Strappi 1 Rotolo Conad,"5,99 € / conf","5,99€",Articoli per la casa,Articoli per la tavola usa e getta
Superfici Lucide 1 Rotolo Extra Large 100 Strappi Conad,"2,25 € / conf","2,25€",Articoli per la casa,Articoli per la tavola usa e getta
Nicky Limone Carta Cucina 6 pz,"1,58 € / conf","5,99€",Articoli per la casa,Articoli per la tavola usa e getta
Regina Asciugoni carta cucina 2 rotoli,1.7 € / conf,"2,39€",Articoli per la casa,Articoli per la tavola usa e getta
Cuki Prepara Carta Fritti (20 fogli da 32 x 33 cm),"0,07 € / conf","1,48€",Articoli per la casa,Articoli per la tavola usa e getta
Foxy Mega Asciugatutto 2 veli decorato 6 maxi rotoli,"1,00 € / conf","5,99€",Articoli per la casa,Articoli per la tavola usa e getta
Regina Blitz carta casa 1 rotolo,"2,99 € / conf","2,99€",Articoli per la casa,Articoli per la tavola usa e getta
Regina di Cuori carta cucina 3 rotoli,"1,26 € / conf","3,79€",Articoli per la casa,Articoli per la tavola usa e getta
Scottex Quanto Basta 2 pz,"1,95 € / conf","3,90€",Articoli per la casa,Articoli per la tavola usa e getta
Scottex Tuttofare 2 pz,"1,78 € / conf","3,55€",Articoli per la casa,Articoli per la tavola usa e getta
Tutto Cucina Bianco Puro 2 pz,"1,64 € / conf","3,29€",Articoli per la casa,Articoli per la tavola usa e getta
Tutto Pannocarta 3in1 2 pz,"1,64 € / conf","3,29€",Articoli per la casa,Articoli per la tavola usa e getta
100 stuzzicadenti in barattolo incartati singolarmente Conad,"1,29 € / conf","1,29€",Articoli per la casa,Articoli per la tavola usa e getta
50 spiedi cm.  25 in sacchetto Conad,"0,89 € / conf","0,89€",Articoli per la casa,Articoli per la tavola usa e getta
Bicchieri a Ridotto Impatto Ambientale 25 pz Verso Natura Eco Conad,"1,59 € / conf","1,59€",Articoli per la casa,Articoli per la tavola usa e getta
Bicchieri Biodegradabili e Compostabili* 50 pz Verso Natura Conad,"2,25 € / conf","2,25€",Articoli per la casa,Articoli per la tavola usa e getta
Bicchieri da Caffè Biodegradabili e Compostabili* 60 pz Verso Natura Conad,"1,99 € / conf","1,99€",Articoli per la casa,Articoli per la tavola usa e getta
Cannucce a Ridotto Impatto Ambientale con Snodo 40 pz Verso Natura Veg Conad,"2,29 € / conf","2,29€",Articoli per la casa,Articoli per la tavola usa e getta
CONAD VERSO NATURA Eco Bicchieri da Caffè Biodegradabili e Compostabili* 50 pz,"1,29 € / Kg","1,29€",Articoli per la casa,Articoli per la tavola usa e getta
CONAD VERSO NATURA Eco Piatti Fondi Biodegradabili e Compostabili* 35 pz,"4,49 € / conf","4,49€",Articoli per la casa,Articoli per la tavola usa e getta
CONAD VERSO NATURA Eco Piatti Piani Biodegradabili e Compostabili* 35 pz,"4,49 € / conf","4,49€",Articoli per la casa,Articoli per la tavola usa e getta
CONAD VERSO NATURA Eco Posate Biodegradabili e Compostabili* Coltelli 15 pz,"2,05 € / conf","2,05€",Articoli per la casa,Articoli per la tavola usa e getta
CONAD VERSO NATURA Eco Posate Biodegradabili e Compostabili* Cucchiai 15 pz,"2,05 € / conf","2,05€",Articoli per la casa,Articoli per la tavola usa e getta
CONAD VERSO NATURA Eco Posate Biodegradabili e Compostabili* Cucchiaini 30 pz,"2,05 € / conf","2,05€",Articoli per la casa,Articoli per la tavola usa e getta
CONAD VERSO NATURA Eco Posate Biodegradabili e Compostabili* Forchette 15 pz,"2,05 € / conf","2,05€",Articoli per la casa,Articoli per la tavola usa e getta
Piatti Dessert A ridotto Impatto Ambientale 20 Pezzi Verso Natura Eco Conad,"2,39 € / conf","2,39€",Articoli per la casa,Articoli per la tavola usa e getta
Piatti Fondi a Ridotto Impatto Ambientale 15 Pezzi Verso Natura Conad,"3,45 € / conf","3,45€",Articoli per la casa,Articoli per la tavola usa e getta
Piatti Piani a Ridotto Impatto Ambientale 15 pezzi Verso Natura Conad,"3,45 € / conf","3,45€",Articoli per la casa,Articoli per la tavola usa e getta
Stuzzicadenti circa 200 pezzi Conad,"0,59 € / conf","0,59€",Articoli per la casa,Articoli per la tavola usa e getta
Stuzzicadenti circa 500 pezzi Conad,"1,29 € / conf","1,29€",Articoli per la casa,Articoli per la tavola usa e getta
Bio Table Palette Caffè in Legno 90 mm 100 pz,"0,02 € / conf","1,90€",Articoli per la casa,Articoli per la tavola usa e getta
Bio Table Piatti Pizza Compostabili 10 pz,"0,44 € / conf","4,45€",Articoli per la casa,Articoli per la tavola usa e getta
"Mix up Tovaglia rotolo 5 x 1,18 m Bianco 1 pz","4,65 € / conf","4,65€",Articoli per la casa,Articoli per la tavola usa e getta
PerLa Festa ComposTable Cannucce Compostabili 50 pz,"0,04 € / conf","2,10€",Articoli per la casa,Articoli per la tavola usa e getta
PerLa Festa ComposTable Cucchiai Compostabili 10 pz,"0,20 € / conf","1,95€",Articoli per la casa,Articoli per la tavola usa e getta
PerLa Festa ComposTable Cucchiaini Compostabili 10 pz,"0,18 € / conf","1,75€",Articoli per la casa,Articoli per la tavola usa e getta
Samurài BioNature Cannucce 21cm - Ø 6mm 40 pz,"0,05 € / conf","2,05€",Articoli per la casa,Articoli per la tavola usa e getta
Samurài Forza 280 pezzi,"0,01 € / conf","1,85€",Articoli per la casa,Articoli per la tavola usa e getta
Samurài l'Originale stuzzicadenti 200 pz,"33,87 € / Kg","1,05€",Articoli per la casa,Articoli per la tavola usa e getta
Tovaglioli 2 Veli 40 pz Conad,"0,99 € / conf","0,99€",Articoli per la casa,Articoli per la tavola usa e getta
Tovaglioli 2 Veli 50 pz Conad,"1,19 € / conf","1,19€",Articoli per la casa,Articoli per la tavola usa e getta
Tovaglioli Decorati 2 Veli 40 pz Conad,"0,99 € / conf","0,99€",Articoli per la casa,Articoli per la tavola usa e getta
Tovaglioli Ecologici 2 Veli 50 Tovaglioli Verso Natura Eco  Conad,"0,95 € / conf","0,95€",Articoli per la casa,Articoli per la tavola usa e getta
Tovaglioli gialli 2 veli 50 pz Conad,"1,65 € / conf","1,65€",Articoli per la casa,Articoli per la tavola usa e getta
Tovaglioli Monovelo 160 pz Conad,"1,55 € / conf","1,55€",Articoli per la casa,Articoli per la tavola usa e getta
Tovaglioli Monovelo 270 pz Conad,"2,29 € / conf","2,29€",Articoli per la casa,Articoli per la tavola usa e getta
Tovaglioli rossi 2 veli 50 pz Conad,"1,65 € / conf","1,65€",Articoli per la casa,Articoli per la tavola usa e getta
Foxy GranTavola Scozzesi Tovaglioli Doppiovelo 42 pz,"0,03 € / conf","1,09€",Articoli per la casa,Articoli per la tavola usa e getta
Foxy Trapuntati 45 Tovaglioli 40x40 decorati Doppiovelo di Qualità Superiore - Decori assortiti,"0,04 € / conf","1,99€",Articoli per la casa,Articoli per la tavola usa e getta
Regina Cinquestelle tovaglioli 2 veli 38x38 43 pezzi,"0,05 € / conf","1,95€",Articoli per la casa,Articoli per la tavola usa e getta
Scottex Tovaglioli Monovelo Bianchi Pacco Compatto,"0,02 € / conf","2,99€",Articoli per la casa,Articoli per la tavola usa e getta
Scottex Tovaglioli Monovelo Bianchi Pacco Famiglia,"0,01 € / conf","2,99€",Articoli per la casa,Articoli per la tavola usa e getta
SACC.PATT.C/LACC.70x110 10pz TRASP.,"2,55 € / conf","2,55€",Articoli per la casa,Articoli per la tavola usa e getta
SACCH.R.DIFF.CSC GIALLO 70x110 10pz,"2,55 € / conf","2,55€",Articoli per la casa,Articoli per la tavola usa e getta
SACCH.R.DIFF.CSC GRIGIO 70x110 10pz,"2,55 € / conf","2,55€",Articoli per la casa,Articoli per la tavola usa e getta
SACCH.R.DIFF.CSC VIOLA 70x110 10pz,"2,55 € / conf","2,55€",Articoli per la casa,Articoli per la tavola usa e getta
SACCHI PATT.BAGNO CSC 35x50 20pz,"1,55 € / conf","1,55€",Articoli per la casa,Articoli per la tavola usa e getta
Sai Acqua demineralizzata 2 L,"0,30 € / L","0,59€",Articoli per la casa,Altri prodotti per la casa
Sai Acqua demineralizzata 5 L,"0,25 € / L","1,25€",Articoli per la casa,Altri prodotti per la casa
Sai Alcool Etilico Denaturato 90° 1 L,"2,49 € / L","2,49€",Articoli per la casa,Altri prodotti per la casa
"Sai Vero Alcol 90° Alta Qualità 0,75 L","3,19 € / L","2,39€",Articoli per la casa,Altri prodotti per la casa
"Sai Vero Alcol 90° Più Profumato 0,5 L","3,10 € / L","1,55€",Articoli per la casa,Altri prodotti per la casa
SodaSolvay Detergente Ecologico Multiuso 1000 g,"2,35 € / Kg","2,35€",Articoli per la casa,Altri prodotti per la casa
Insetticida Elettrico con Ricarica Liquida Conad,"142,57 € / L","4,99€",Articoli per la casa,Insetticidi
Insetticida Elettrico per Piastrine   10 Piastrine Conad,"2,99 € / conf","2,99€",Articoli per la casa,Insetticidi
Insetticida Mosche e Zanzare Spray 400 ml Conad,"4,47 € / L","1,79€",Articoli per la casa,Insetticidi
Insetticida Mosche e Zanzare Spray con Estratto Naturale di Piretro 300 ml Conad,"11,63 € / L","3,49€",Articoli per la casa,Insetticidi
Insetticida Piastrine 30 Piastrine Conad,"1,29 € / conf","1,29€",Articoli per la casa,Insetticidi
Insetticida Piastrine con Estratto Naturale di Piretro 30 Piastrine Conad,"2,98 € / conf","2,98€",Articoli per la casa,Insetticidi
Spirali Antizanzare 10 Pezzi Conad,"0,99 € / conf","0,99€",Articoli per la casa,Insetticidi
Spirali Antizanzare Profumate alla Citronella 10 Pezzi Conad,"1,15 € / conf","1,15€",Articoli per la casa,Insetticidi
Baygon Polvere Scarafaggi e Formiche 250 g,"19,96 € / Kg","4,99€",Articoli per la casa,Insetticidi
Baygon Spray Scarafaggi e Formiche eXtra precision 400 ml,"19,98 € / L","7,99€",Articoli per la casa,Insetticidi
"Raid Esca Formiche, Confezione da 1 Esca Insetticida","3,49 € / conf","3,49€",Articoli per la casa,Insetticidi
Raid Esca Scarafaggi,"0,83 € / conf","4,99€",Articoli per la casa,Insetticidi
"Raid Essentials Mosche e Zanzare, 400 ml","12,98 € / L","5,19€",Articoli per la casa,Insetticidi
"Raid Liquido Elettrico Base e Ricarica, 30 Notti, Inodore","280,48 € / L","5,89€",Articoli per la casa,Insetticidi
"Raid Night & Day Trio, Repellente antizanzare Base e Ricarica con Sabbia Compressa","5,99 € / conf","5,99€",Articoli per la casa,Insetticidi
"Raid Night & Day Trio, Repellente antizanzare con Sabbia Compressa 2 Ricariche","5,95 € / conf","11,90€",Articoli per la casa,Insetticidi
Raid Night & Day Zanzare Tigre e Comuni 1 Ricarica,"5,99 € / conf","5,99€",Articoli per la casa,Insetticidi
Raid Spray Multinsetto 400 ml,"14,98 € / L","5,99€",Articoli per la casa,Insetticidi
VAPE Elettroemanatore Liquido Classic   Ricarica 36 ml,"180,28 € / L","6,49€",Articoli per la casa,Insetticidi
VAPE Elettroemanatore Piastrine Classic   10 Ricariche,"0,58 € / conf","5,79€",Articoli per la casa,Insetticidi
VAPE Liquido Geranio Ricarica 36 ml,"152,50 € / L","5,49€",Articoli per la casa,Insetticidi
VAPE Multinsetto Spray 400 ml,"16,23 € / L","6,49€",Articoli per la casa,Insetticidi
VAPE Piastrine Inodore 30 pz,"0,14 € / conf","4,19€",Articoli per la casa,Insetticidi
ANTITARME JOLLY PLUS RELEVI BS 100g,"16,80 € / Kg","1,68€",Articoli per la casa,Insetticidi
EXPO ANTITARME FOR.8FOGLI AS.NUNCAS,"4,19 € / conf","4,19€",Articoli per la casa,Insetticidi
NEKATARM CANFORA PERLE BUSTA 50gr,"64,00 € / Kg","3,20€",Articoli per la casa,Insetticidi
TARMIDEO PLUS RELEVI 2 PEZZI,"1,35 € / conf","1,35€",Articoli per la casa,Insetticidi
TERMIBLOK PLUS ANTITARME/ACARI 20pz,"2,59 € / conf","2,59€",Articoli per la casa,Insetticidi
Advantage Pannoloni a Mutandina con Adesivi Taglia L Girovita 115 - 150 cm 15 pz Conad,"9,90 € / conf","9,90€",Cura persona,Assorbenti
Advantage Pannoloni a Mutandina con Adesivi Taglia M Girovita 80 - 115 cm 15 pz Conad,"8,45 € / conf","8,45€",Cura persona,Assorbenti
Advantage Pannoloni Rettangolari 30 pezzi Conad,"6,90 € / conf","6,90€",Cura persona,Assorbenti
Advantage Pants Anatomici e Avvolgenti Taglia L Girovita 100 - 135 cm 8 pz Conad,"5,95 € / conf","5,95€",Cura persona,Assorbenti
Advantage Pants Anatomici e Avvolgenti Taglia M Girovita 80 - 110 cm 9 pz Conad,"5,95 € / conf","5,95€",Cura persona,Assorbenti
Advantage Traverse Letto Rimboccabili Misura 80 x 180 cm 15 pz Conad,"6,90 € / conf","6,90€",Cura persona,Assorbenti
Assorbenti Lady Extra 10 pz Conad,"1,98 € / conf","1,98€",Cura persona,Assorbenti
Assorbenti Lady Maxi 16 pz Conad,"3,80 € / conf","3,80€",Cura persona,Assorbenti
Assorbenti Lady Mini 20 pz Conad,"1,98 € / conf","1,98€",Cura persona,Assorbenti
Assorbenti Lady Normali 12 pz Conad,"1,98 € / conf","1,98€",Cura persona,Assorbenti
Proteggislip Lady Ultra Mini 28 pz Conad,"1,75 € / conf","1,75€",Cura persona,Assorbenti
Lines Specialist Extra 10 pezzi,"0,35 € / conf","3,49€",Cura persona,Assorbenti
Lines Specialist Maxi 12 pezzi,"0,57 € / conf","6,85€",Cura persona,Assorbenti
Lines Specialist Mini 18 pezzi,"0,20 € / conf","3,69€",Cura persona,Assorbenti
Lines Specialist Normal 12 pezzi,"0,29 € / conf","3,49€",Cura persona,Assorbenti
Lines Specialist Ultramini 24 pezzi,"0,15 € / conf","3,69€",Cura persona,Assorbenti
Lines Specialist Unisex Pannoloni a Mutandina Tg. L Super/Maxi 12 2 pz,"0,66 € / conf","9,19€",Cura persona,Assorbenti
Lines Specialist Unisex Plus Pants Ipoallergenici Tg. M 7 pz,"1,04 € / conf","7,29€",Cura persona,Assorbenti
Lines Specialist Unisex Rettangolari Plus 22 2 pz,"0,27 € / conf","6,55€",Cura persona,Assorbenti
Tena discreet Extra 10 pz,"0,36 € / conf","3,59€",Cura persona,Assorbenti
Tena discreet Maxi 12 pz,"0,49 € / conf","5,90€",Cura persona,Assorbenti
Tena discreet Normal 12 pz,"0,27 € / conf","3,19€",Cura persona,Assorbenti
Tena discreet Ultra Mini 28 pz,"0,09 € / conf","2,59€",Cura persona,Assorbenti
Tena discreet Ultra Mini Assorbenti Sottili 20 pz,"0,16 € / conf","3,19€",Cura persona,Assorbenti
Tena lady Super 15 pz,"0,39 € / conf","5,80€",Cura persona,Assorbenti
Tena lights Sensitive Proteggi-Slip Long 20 pz,"0,09 € / conf","1,89€",Cura persona,Assorbenti
Tena Men Absorbent Protector Level 2 10 pz,"0,45 € / conf","4,55€",Cura persona,Assorbenti
Tena Pants Culottes Plus Night L 12 pz,"1,09 € / conf","13,10€",Cura persona,Assorbenti
Tena Pants Culottes Plus Night M 12 pz,"1,09 € / conf","13,10€",Cura persona,Assorbenti
Tena Pants Discreet L 7 pz,"1,13 € / conf","7,89€",Cura persona,Assorbenti
Tena Pants Discreet M 8 pz,"0,99 € / conf","7,89€",Cura persona,Assorbenti
Tena Pants Plus L 8 pz,"1,36 € / conf","10,90€",Cura persona,Assorbenti
Tena Pants Plus M 9 pz,"1,21 € / conf","10,90€",Cura persona,Assorbenti
Assorbenti Comfort Anatomico Distesi 16 pz Conad,"1,04 € / conf","1,04€",Cura persona,Assorbenti
Assorbenti Comfort Extralungo Anatomico Notte Distesi 14 pz Conad,"1,33 € / conf","1,33€",Cura persona,Assorbenti
Assorbenti Soft Anatomico 16pz Conad,"1,19 € / conf","1,19€",Cura persona,Assorbenti
Assorbenti Soft Morbido Come il Cotone Notte con Ali 10 pz Conad,"1,19 € / conf","1,19€",Cura persona,Assorbenti
Assorbenti Soft Morbido Come il Cotone Ultra con Ali 14 pz Conad,"1,19 € / conf","1,19€",Cura persona,Assorbenti
Assorbenti Ultra Anatomico 16 pz Conad,"1,19 € / conf","1,19€",Cura persona,Assorbenti
Assorbenti Ultra con Ali 16 pz Conad,"1,19 € / conf","1,19€",Cura persona,Assorbenti
Assorbenti Ultra con Ali 28 pz Conad,"2,00 € / conf","2,00€",Cura persona,Assorbenti
Assorbenti Ultra Lungo con Ali 12 pz Conad,"1,19 € / conf","1,19€",Cura persona,Assorbenti
Assorbenti Ultra Lungo con Ali 24 pz Conad,"2,00 € / conf","2,00€",Cura persona,Assorbenti
Assorbenti Ultra Notte con Ali 10 pz Conad,"1,19 € / conf","1,19€",Cura persona,Assorbenti
Nuvenia comfort & protezione Sottile Goodnight  con Ali 10 pz,0.2 € / conf,"0,99€",Cura persona,Assorbenti
Nuvenia goodnight Ultra X-Large  con Ali 9 pz,0.2 € / conf,"0,99€",Cura persona,Assorbenti
Nuvenia Pure Sensitive Ultra  con Ali 12 pz,0.2 € / conf,"0,99€",Cura persona,Assorbenti
Nuvenia V-Protection Ultra  con Ali 14 pz,0.1 € / conf,"0,99€",Cura persona,Assorbenti
Nuvenia V-Protection Ultra Lungo  con Ali 12 pz,0.1 € / conf,"0,99€",Cura persona,Assorbenti
Lines Cotone Assorbenti Notte con Ali 8 2 pz,"0,30 € / conf","2,99€",Cura persona,Assorbenti
Lines Cotone Assorbenti Ultra con Ali 10 2 pz,"0,25 € / conf","2,99€",Cura persona,Assorbenti
Lines è lungo con ali 9 2 pz,"0,34 € / conf","3,79€",Cura persona,Assorbenti
Lines Idea Liberty Giorno anatomico disteso x13,"0,07 € / conf","0,95€",Cura persona,Assorbenti
Lines Idea Notte anatomico disteso x14,"0,19 € / conf","2,65€",Cura persona,Assorbenti
Lines Idea notte con ali ripiegato 14 pz,"0,19 € / conf","2,65€",Cura persona,Assorbenti
Lines Idea ultra Giorno con ali x9,"0,11 € / conf","0,95€",Cura persona,Assorbenti
Lines Petalo con ali x12,"0,13 € / conf","1,59€",Cura persona,Assorbenti
Lines Petalo lungo con ali 10 pz,"0,16 € / conf","1,59€",Cura persona,Assorbenti
Lines Petalo notte con ali x9,"0,18 € / conf","1,59€",Cura persona,Assorbenti
Lines Seta Sottile con ali ripiegato 20 pz,"0,14 € / conf","2,85€",Cura persona,Assorbenti
Lines Seta ultra anatomico 16 pz,"0,18 € / conf","2,85€",Cura persona,Assorbenti
Lines Seta ultra con ali 14 2 pz,"0,18 € / conf","2,85€",Cura persona,Assorbenti
Lines Seta ultra con ali 28 pz,"0,19 € / conf","5,19€",Cura persona,Assorbenti
Lines Seta ultra lungo con ali 11 1 pz,"0,24 € / conf","2,85€",Cura persona,Assorbenti
Lines Seta ultra lungo con ali 22 pz,"0,24 € / conf","5,19€",Cura persona,Assorbenti
Lines Seta ultra notte con ali 10 1 pz,"0,26 € / conf","2,85€",Cura persona,Assorbenti
Lines Seta ultra notte con ali 20 pz,"0,26 € / conf","5,19€",Cura persona,Assorbenti
O.b. ProComfort Ultimate Comfort* Normal 16 pz,"1,95 € / conf","1,95€",Cura persona,Assorbenti
O.b. ProComfort Ultimate Comfort* Super 16 pz,"1,95 € / conf","1,95€",Cura persona,Assorbenti
Tampax & Go Super 18 pz,"0,19 € / conf","3,45€",Cura persona,Assorbenti
Tampax Compak Regular x16,"0,27 € / conf","4,39€",Cura persona,Assorbenti
Tampax Compak Super 16 pz,"0,27 € / conf","4,39€",Cura persona,Assorbenti
Tampax Super x20,"0,22 € / conf","4,39€",Cura persona,Assorbenti
Proteggislip Maxi Distesi 28 pz Conad,"1,59 € / conf","1,59€",Cura persona,Assorbenti
Proteggislip Sottile Distesi 50 pz Conad,"1,50 € / conf","1,50€",Cura persona,Assorbenti
Proteggislip String Distesi 36 pz Conad,"1,69 € / conf","1,69€",Cura persona,Assorbenti
Proteggislip Ultra Distesi 40 pz Conad,"1,89 € / conf","1,89€",Cura persona,Assorbenti
Proteggislip Ultra Ripiegati 40 pz Conad,"1,50 € / conf","1,50€",Cura persona,Assorbenti
Carefree Cotton Feel* Flexiform Senza Profumo Salvaslip 30 pz,"2,15 € / conf","2,15€",Cura persona,Assorbenti
Carefree Cotton Feel* Normal Fragranza Fresca Salvaslip 20 pz,"0,06 € / conf","1,40€",Cura persona,Assorbenti
Carefree Cotton Feel* Normal Senza Profumo Salvaslip 44 pz,"0,05 € / conf","2,15€",Cura persona,Assorbenti
Carefree Plus Large Fragranza Delicata Salvaslip 36 pz,"0,07 € / conf","2,69€",Cura persona,Assorbenti
Lines intervallo & go Regular 40 4 pz,"0,07 € / conf","3,29€",Cura persona,Assorbenti
Lines intervallo & go Regular 88 pz,"0,07 € / conf","6,55€",Cura persona,Assorbenti
Lines intervallo & go Regular Fresh 20 4 pz,"0,07 € / conf","1,59€",Cura persona,Assorbenti
Lines intervallo Cotton Soft Fresh 20 pz,"0,08 € / conf","1,59€",Cura persona,Assorbenti
Lines intervallo Cotton Soft Regular 40 pz,"0,08 € / conf","3,29€",Cura persona,Assorbenti
Lines intervallo Cotton Soft Regular 80 pz,"0,08 € / conf","6,55€",Cura persona,Assorbenti
Lines intervallo Lady Plus Maxi Long 28 pz,"0,14 € / conf","3,99€",Cura persona,Assorbenti
Lines intervallo Velo Skin Lover proteggislip Regular 42 pz,"0,08 € / conf","3,29€",Cura persona,Assorbenti
Nuvenia dailies Regular Proteggi Slip 52 pz,"0,04 € / conf","1,95€",Cura persona,Assorbenti
ASS. LINES E' ALI NOTTE 9pz,"3,01 € / Kg","3,79€",Cura persona,Assorbenti
ASS.LINES E' ALI 9 2pz,"3,01 € / Kg","3,79€",Cura persona,Assorbenti
200 bastoncini cotonati Conad,"1,85 € / conf","1,85€",Cura persona,"Cotone, fazzoletti e carta igienica"
Bastoncini Cotonati 100 pz Conad,"1,10 € / conf","1,10€",Cura persona,"Cotone, fazzoletti e carta igienica"
"JOHNSON'S Baby, Cotton Fioc, 100% in Puro Cotone, per Tutta La Famiglia, 100pz","1,89 € / conf","1,89€",Cura persona,"Cotone, fazzoletti e carta igienica"
Carta Igienica Maxi Ecologica 2 Veli 4 Maxi Rotoli Verso Natura Eco Conad,"2,99 € / conf","2,99€",Cura persona,"Cotone, fazzoletti e carta igienica"
Carta Igienica Maxi Rotoli 2 Veli 500 Strappi 4 Rotoli Conad,"2,69 € / conf","2,69€",Cura persona,"Cotone, fazzoletti e carta igienica"
Carta igienica Maxi Rotoli 2 veli 500 strappi 8 rotoli Conad,"4,99 € / conf","4,99€",Cura persona,"Cotone, fazzoletti e carta igienica"
Carta Igienica Profumata 4 Veli 6 Rotoli Conad,"3,69 € / conf","3,69€",Cura persona,"Cotone, fazzoletti e carta igienica"
Carta Igienica Salva Spazio 2 Veli 10 Rotoli Conad,"2,99 € / conf","2,99€",Cura persona,"Cotone, fazzoletti e carta igienica"
Carta Igienica Ultra Morbida 3 Veli 4 Rotoli Conad,"1,89 € / conf","1,89€",Cura persona,"Cotone, fazzoletti e carta igienica"
Regina Cartacamomilla carta igienica 6 rotoli,1.1 € / conf,"4,79€",Cura persona,"Cotone, fazzoletti e carta igienica"
Foxy Mega Carta igienica 2 veli decorata 4 rotoloni,"1,12 € / conf","4,49€",Cura persona,"Cotone, fazzoletti e carta igienica"
Foxy Seta Carta igienica 2 veli decorata 4 2 maxi rotoli,"0,72 € / conf","4,29€",Cura persona,"Cotone, fazzoletti e carta igienica"
Rotoloni Regina carta igienica 4 rotoli,"1,07 € / conf","4,29€",Cura persona,"Cotone, fazzoletti e carta igienica"
Scottex l'Originale Carta Igienica 10 pz,"0,60 € / conf","5,99€",Cura persona,"Cotone, fazzoletti e carta igienica"
Scottex Pulito Completo Carta Igienica 4 pz,"0,87 € / conf","3,49€",Cura persona,"Cotone, fazzoletti e carta igienica"
Scottonelle Carta Igienica 4 pz,"1,02 € / conf","4,10€",Cura persona,"Cotone, fazzoletti e carta igienica"
Smile Carta Igienica Rotoli 10 pz,"0,20 € / conf","1,99€",Cura persona,"Cotone, fazzoletti e carta igienica"
Tenderly la Carta Igienica Special Edition Maxi Rotoli morbidi 4 pz,"0,76 € / conf","3,05€",Cura persona,"Cotone, fazzoletti e carta igienica"
Baby Faldine di Cotone Maxi 60 pz Conad,"2,19 € / conf","2,19€",Cura persona,"Cotone, fazzoletti e carta igienica"
CONAD Batuffoli Per uso cosmetico 40 Batuffoli,"1,19 € / conf","1,19€",Cura persona,"Cotone, fazzoletti e carta igienica"
Cotone Idrofilo 100 g Conad,"15,50 € / Kg","1,55€",Cura persona,"Cotone, fazzoletti e carta igienica"
Cotone Idrofilo 200 g Conad,"12,50 € / Kg","2,50€",Cura persona,"Cotone, fazzoletti e carta igienica"
Cotone Idrofilo Pretagliato 100 g Conad,"19,90 € / Kg","1,99€",Cura persona,"Cotone, fazzoletti e carta igienica"
Dischetti Maxi per uso cosmetico 40 pz Conad,"1,70 € / conf","1,70€",Cura persona,"Cotone, fazzoletti e carta igienica"
Dischetti Orlati per uso cosmetico 70 pz Conad,"1,55 € / conf","1,55€",Cura persona,"Cotone, fazzoletti e carta igienica"
Dischetti per uso cosmetico 70 pz Conad,"1,49 € / conf","1,49€",Cura persona,"Cotone, fazzoletti e carta igienica"
Fazzoletti 4 Veli 12 Pacchetti Conad,"1,39 € / conf","1,39€",Cura persona,"Cotone, fazzoletti e carta igienica"
Fazzoletti 4 veli 30 pacchetti Conad,"2,99 € / conf","2,99€",Cura persona,"Cotone, fazzoletti e carta igienica"
Fazzoletti con Essenza Balsamica 4 Veli 10 Pacchetti Conad,"1,39 € / conf","1,39€",Cura persona,"Cotone, fazzoletti e carta igienica"
Fazzoletti Ecologici 10 Pacchetti Verso Natura Eco Conad,"1,35 € / conf","1,35€",Cura persona,"Cotone, fazzoletti e carta igienica"
Fazzoletti mini formato tascabile 4 veli 10 pacchetti Conad,"1,39 € / conf","1,39€",Cura persona,"Cotone, fazzoletti e carta igienica"
Fazzoletti Multiuso 3 Veli 60 pz Conad,"0,99 € / conf","0,99€",Cura persona,"Cotone, fazzoletti e carta igienica"
Fazzoletti Ultramorbidi 4 Veli 10 pacchetti Conad,"1,39 € / conf","1,39€",Cura persona,"Cotone, fazzoletti e carta igienica"
Fazzoletti Ultramorbidi 4 Veli 80 pz Conad,"1,29 € / conf","1,29€",Cura persona,"Cotone, fazzoletti e carta igienica"
Scottex Balsam 10 pz,"0,25 € / conf","2,49€",Cura persona,"Cotone, fazzoletti e carta igienica"
Scottex Tutti Giorni 12 pz,"0,21 € / conf","2,49€",Cura persona,"Cotone, fazzoletti e carta igienica"
Scottex Ultra Soft 80 Fazzoletti,"2,39 € / conf","2,39€",Cura persona,"Cotone, fazzoletti e carta igienica"
Tempo complete care Fazzoletti 4 veli 10 pz,"0,25 € / conf","2,49€",Cura persona,"Cotone, fazzoletti e carta igienica"
Tempo Fazzoletti 4 veli 12 pz,"0,23 € / conf","2,79€",Cura persona,"Cotone, fazzoletti e carta igienica"
Tempo pelli sensibili Fazzoletti 4 veli 10 pz,"0,24 € / conf","2,40€",Cura persona,"Cotone, fazzoletti e carta igienica"
Tempo protect Fazzoletti 4 veli 10 pz,"0,24 € / conf","2,40€",Cura persona,"Cotone, fazzoletti e carta igienica"
Salviettine Multiuso 20 Salviettine umidificate Conad,"1,05 € / conf","1,05€",Cura persona,"Cotone, fazzoletti e carta igienica"
Salviettine Multiuso 72 pezzi Conad,"1,98 € / conf","1,98€",Cura persona,"Cotone, fazzoletti e carta igienica"
Fresh & Clean Milleusi Classic salviettine detergenti e rinfrescanti 20 pz,"0,01 € / conf","1,70€",Cura persona,"Cotone, fazzoletti e carta igienica"
Fria Milleusipiù Tè Verde Azione Detergente 20 pz,"0,08 € / conf","1,55€",Cura persona,"Cotone, fazzoletti e carta igienica"
Oral-B Filo Interdentale Cerato Essential Floss Menta 50 m,"0,06 € / conf","2,79€",Cura persona,Igiene orale
CONAD Essentiae Azione Intensiva Collutorio con antibatterico con Olio Essenziale di Eucalipto 500ml,"5,38 € / L","2,69€",Cura persona,Igiene orale
Listerine Difesa Denti e Gengive Menta Fresca 500 ml,"5,95 € / conf","5,95€",Cura persona,Igiene orale
Mentadent Denti e Gengive 500 ml,"7,60 € / L","3,80€",Cura persona,Igiene orale
Oral-B Collutorio Denti e Gengive Senza Alcool Menta 500 ml,"5,96 € / L","2,98€",Cura persona,Igiene orale
Parodontax Collutorio Quotidiano Protezione Gengivale Attiva Extra Fresh 500 ml,"10,30 € / L","5,15€",Cura persona,Igiene orale
Polident gusto neutro adesivo protesi dentiera con tenuta giornaliera senza aromi artificiali 40 g,"111,25 € / Kg","4,45€",Cura persona,Igiene orale
Polident Intensa Freschezza Pulitore per Protesi 36 Compresse,"0,07 € / conf","2,49€",Cura persona,Igiene orale
Polident Lunga Tenuta Adesivo per Protesi Dentali 40 g,"111,25 € / Kg","4,45€",Cura persona,Igiene orale
Baby Dentifricio 0-6 Anni 50 ml Conad,"17,80 € / L","0,89€",Cura persona,Igiene orale
Dentifricio 7-13 anni 75 ml Conad,"14,53 € / L","1,09€",Cura persona,Igiene orale
Dentifricio Gel Alito Fresco 75 ml Conad,"14,53 € / L","1,09€",Cura persona,Igiene orale
Dentifricio Top sensitive 75 ml Conad,"18,53 € / L","1,39€",Cura persona,Igiene orale
Dentifricio Top White 75 ml Conad,"18,53 € / L","1,39€",Cura persona,Igiene orale
Sensodyne Complex / Daily Care 75 ml,31.7 € / L,"2,19€",Cura persona,Igiene orale
Aquafresh tripla protezione dentifricio igiene dentale menta fresca multi pack  2 x 75 ml,"0,90 € / conf","1,79€",Cura persona,Igiene orale
AZ Ricerca Dentifricio 3D White Illuminate Perfezione Sbiancante Avanzato 50 ml,"59,00 € / L","2,95€",Cura persona,Igiene orale
AZ Ricerca Dentifricio 3D White Luxe Bianco Brillante 75 ml,"39,33 € / L","2,95€",Cura persona,Igiene orale
Blanx Black ai Carboni Attivi 100% Naturali 75 ml,"39,33 € / L","2,95€",Cura persona,Igiene orale
Blanx Sbiancante 75 ml,"39,33 € / L","2,95€",Cura persona,Igiene orale
Colgate dentifricio Max Fresh Cristalli Rinfrescanti 75 ml,"53,20 € / L","3,99€",Cura persona,Igiene orale
Colgate dentifricio sbiancante Sensation White 75 ml,"53,20 € / L","3,99€",Cura persona,Igiene orale
"Colgate dentifricio Total Original protezione completa 24h, 75 ml","40,67 € / L","3,05€",Cura persona,Igiene orale
Iodosan Protezione Globale dentifricio con fluoro gengive sane combatte placca e carie 75 ml,"31,87 € / L","2,39€",Cura persona,Igiene orale
Marvis Classic Strong Mint 85 ml,"41,76 € / L","3,55€",Cura persona,Igiene orale
Mentadent Crystal Gel 75 ml,"29,20 € / L","2,19€",Cura persona,Igiene orale
Mentadent Microgranuli 75 ml,"29,20 € / L","2,19€",Cura persona,Igiene orale
Mentadent P Prevenzione Completa 75 ml,"29,20 € / L","2,19€",Cura persona,Igiene orale
Mentadent White Now 75 ml,"46,53 € / L","3,49€",Cura persona,Igiene orale
Mentadent White System 75 ml,"29,20 € / L","2,19€",Cura persona,Igiene orale
Mentadent White System Bicarbonato 75 ml,"29,20 € / L","2,19€",Cura persona,Igiene orale
"Oral-B Dentifricio Repair, Gengive e Smalto Classico 75 ml","53,20 € / L","3,99€",Cura persona,Igiene orale
Oral-B Professional Dentifricio Gengive e Smalto Pro-Repair Classico 75 ml,"65,20 € / L","4,89€",Cura persona,Igiene orale
Parodontax original dentifricio quotidiano con fluoro per gengive più sane e denti forti 75 ml,"47,87 € / L","3,59€",Cura persona,Igiene orale
Parodontax ultra clean dentifricio quotidiano con fluoro per gengive più sane e denti forti 75 ml,"47,87 € / L","3,59€",Cura persona,Igiene orale
Pasta del Capitano Placca e Carie 75 ML,"18,53 € / L","1,39€",Cura persona,Igiene orale
CONAD Essentiae Spazzolino Preciso Duro 1 Pz,"1,00 € / conf","1,00€",Cura persona,Igiene orale
CONAD Essentiae Spazzolino Preciso Medio 1 Pz,"1,00 € / conf","1,00€",Cura persona,Igiene orale
CONAD Essentiae Spazzolino Pulizia Profonda Medio 2 Pz,"1,40 € / conf","1,40€",Cura persona,Igiene orale
"Colgate spazzolino Extra Clean, medio, 2 pezzi","0,90 € / conf","1,80€",Cura persona,Igiene orale
"Colgate spazzolino Recyclean pulizia profonda, morbido","3,99 € / conf","3,99€",Cura persona,Igiene orale
"Colgate spazzolino Zig Zag pulizia profonda, medio","1,80 € / conf","1,80€",Cura persona,Igiene orale
Mentadent Esperti in Prevenzione setole medie con antibatterico,"4,40 € / conf","4,40€",Cura persona,Igiene orale
Mentadent Interdental Expert medium,"1,95 € / conf","1,95€",Cura persona,Igiene orale
Mentadent Professional medium 4 pezzi,"0,90 € / conf","3,59€",Cura persona,Igiene orale
Mentadent Tecnic Clean hard,"1,85 € / conf","1,85€",Cura persona,Igiene orale
Mentadent Tecnic Clean Medium,"1,85 € / conf","1,85€",Cura persona,Igiene orale
Mentadent Vertical Expert medium,"2,39 € / conf","2,39€",Cura persona,Igiene orale
Mentadent White System medium,"2,20 € / conf","2,20€",Cura persona,Igiene orale
Oral-B Spazzolino Manuale 1 2 3 Classic Care 40 Medio 2 1 Gratis,"0,60 € / conf","1,79€",Cura persona,Igiene orale
Oral-B Spazzolino Manuale 1·2·3 Indicator 40 medio,"1,99 € / conf","1,99€",Cura persona,Igiene orale
Oral-B Spazzolino Manuale Pro-Expert Pulsar 35 Medio,"3,69 € / conf","3,69€",Cura persona,Igiene orale
Sensodyne Repair & Protect Extra Soft,"2,59 € / conf","2,59€",Cura persona,Igiene orale
Sensodyne spazzolino denti multicare setole media durezza contro la placca per igiene dentale,"2,29 € / conf","2,29€",Cura persona,Igiene orale
SPAZZ.DENTI TUO PERSONALIZZ.MEDIO,"3,95 € / conf","3,95€",Cura persona,Igiene orale
DEN.SENSODYNE COMPLETE PROT. 75ml,"66,53 € / L","4,99€",Cura persona,Igiene orale
DEN.SENSODYNE RIPARA & PROT.75ml,"66,53 € / L","4,99€",Cura persona,Igiene orale
BIANCOSPINO NUOVA FORMULA 500g,"4,18 € / Kg","2,09€",Cura persona,Igiene orale
DET LINDO LAV.DIFENDICOL.NUNCAS 1l,"9,69 € / L","9,69€",Cura persona,Igiene orale
DROPS CLASSIC NUNCAS 100ml,"105,50 € / L","10,55€",Cura persona,Igiene orale
JEANS E TUTE ENERGIA DEL BST.500g,"4,30 € / Kg","2,15€",Cura persona,Igiene orale
Aquamassage Kids Spugna in Delicata Cellulosa,"1,75 € / conf","1,75€",Cura persona,Igiene personale
Aquamassage Tradition Spugna Peeling con Antibatterico Igienizzante,"1,25 € / conf","1,25€",Cura persona,Igiene personale
Calypso Relaxing Moment,"1,75 € / conf","1,75€",Cura persona,Igiene personale
Till flai Assorbenti Ascellari Salva Abiti 10 pezzi,"0,37 € / conf","3,69€",Cura persona,Igiene personale
Vedo chiaro Occhiali Vista e Sole salviettine umidificate 16 pz,"0,13 € / conf","2,09€",Cura persona,Igiene personale
Bagno Doccia Rilassante 750 ml Conad,"2,52 € / L","1,89€",Cura persona,Igiene personale
Doccia Schiuma Vellutante 250 ml Conad,"4,76 € / L","1,19€",Cura persona,Igiene personale
Essentiae Bagno Doccia Rigenerante 750 ml Conad,"2,52 € / L","1,89€",Cura persona,Igiene personale
Essentiae Doccia Schiuma Rilassante 250 ml Conad,"4,76 € / L","1,19€",Cura persona,Igiene personale
Essentiae Doccia Shampoo Rivitalizzante 250 ml Conad,"4,76 € / L","1,19€",Cura persona,Igiene personale
Felce Azzurra Ambra e Argan essenza di nutrimento Bagnodoccia 650 ml,4.5 € / L,"1,99€",Cura persona,Igiene personale
Felce Azzurra Classico Bagnodoccia 650 ml,4.5 € / L,"1,99€",Cura persona,Igiene personale
Felce Azzurra Fresco Bagnodoccia 650 ml,4.5 € / L,"1,99€",Cura persona,Igiene personale
Felce Azzurra Narciso essenza di bellezza Bagnodoccia 650 ml,4.5 € / L,"1,99€",Cura persona,Igiene personale
Bionsen Dermoprotettivo Bagnoschiuma con minerali attivi Rigenerante 650 ml,"4,14 € / L","2,69€",Cura persona,Igiene personale
Bionsen Dermoprotettivo Docciaschiuma con minerali attivi Rigenerante 250 ml,"5,56 € / L","1,39€",Cura persona,Igiene personale
Dove idratante Bagnodoccia pelle morbida & liscia 600 ml,"6,65 € / L","3,99€",Cura persona,Igiene personale
Dove Piacere avvolgente oli naturali nutrienti docciaschiuma 250 ml,"9,40 € / L","2,35€",Cura persona,Igiene personale
Dove seta preziosa Bagnodoccia pelle liscia & effetto seta 600 ml,"6,65 € / L","3,99€",Cura persona,Igiene personale
Felce Azzurra Doccia Gel Classico 400 ml,"4,98 € / L","1,99€",Cura persona,Igiene personale
Intesa Pour Homme Bagno Doccia Shampoo Rigenerante Essence Power 500 mL,"7,70 € / L","3,85€",Cura persona,Igiene personale
Intesa Pour Homme Bagno doccia shampoo rivitalizzante ginseng 500 ml,"7,70 € / L","3,85€",Cura persona,Igiene personale
Intesa Pour Homme Gel Doccia Shampoo Rigenerante Essence Power 250 mL,"7,96 € / L","1,99€",Cura persona,Igiene personale
Intesa Pour Homme Gel Doccia Shampoo Rivitalizzante Ginseng 250 mL,"8,20 € / L","2,05€",Cura persona,Igiene personale
Intesa Pour Homme Gel Doccia Shampoo Rivitalizzante Ginseng 300 mL,"6,63 € / L","1,99€",Cura persona,Igiene personale
Neutro Roberts dermazero ipoallergenico Bagnodoccia 600 ml,"6,48 € / L","3,89€",Cura persona,Igiene personale
Neutro Roberts doccia shampoo tonificante con Vitamine della Frutta 250 ml,"10,00 € / L","2,50€",Cura persona,Igiene personale
Neutro Roberts idratante con glicerina naturale Bagnodoccia 600 ml,"6,48 € / L","3,89€",Cura persona,Igiene personale
Neutro Roberts pelle sensibile con avena e cocco Bagnodoccia 600 ml,"6,48 € / L","3,89€",Cura persona,Igiene personale
"Neutromed pH 5,5 Idratati Aloe Vera Bagnodoccia 400 ml","5,98 € / L","2,39€",Cura persona,Igiene personale
Nivea Bagnodoccia Creme Soft 650 ml,"4,45 € / L","2,89€",Cura persona,Igiene personale
Nivea Men energy 24H Fresh Effect Shower Gel 250 ml,"8,60 € / L","2,15€",Cura persona,Igiene personale
Palmolive bagnoschiuma Naturals Fiori di Mandorlo con idratante 500ml,"7,58 € / L","3,79€",Cura persona,Igiene personale
Palmolive bagnoschiuma Naturals Oliva Verde e Latte Idratante 500ml,"7,58 € / L","3,79€",Cura persona,Igiene personale
Spuma di Sciampagna Benessere Idratante Bagnodoccia Crema Latte di Mandorla e Burro di Karité 650 ml,"4,45 € / L","2,89€",Cura persona,Igiene personale
Spuma di Sciampagna Benessere Nutriente Bagnodoccia Crema Olio di Argan e Patchouli 650 ml,"4,45 € / L","2,89€",Cura persona,Igiene personale
Tesori d'Oriente Muschio Bianco Doccia Crema Aromatica 250 ml,"7,56 € / L","1,89€",Cura persona,Igiene personale
Vidal Argan Oil Bagnodoccia Nutriente Olio di Argan Biologico 600 ml,"4,15 € / L","2,49€",Cura persona,Igiene personale
Vidal Argan Oil Docciaschiuma Olio di Argan Biologico 250 ml,"5,96 € / L","1,49€",Cura persona,Igiene personale
Vidal Energy & Sport Bagnodoccia Energizzante Ginseng e Guaranà 600 ml,"4,15 € / L","2,49€",Cura persona,Igiene personale
Vidal Energy & Sport Doccia Shampoo Ginseng e Guaranà 250 ml,"5,96 € / L","1,49€",Cura persona,Igiene personale
Vidal Hydra Pure Bagnodoccia Purificante Acqua Micellare 600 ml,"4,15 € / L","2,49€",Cura persona,Igiene personale
Vidal White Musk Bagnodoccia Muschio Bianco 600 ml,"4,15 € / L","2,49€",Cura persona,Igiene personale
Vidal White Musk Docciaschiuma Muschio Bianco 250 ml,"5,96 € / L","1,49€",Cura persona,Igiene personale
CONAD Essentiae Deodorante Stick Delicato 30 ml,69.6 € / L,"1,67€",Cura persona,Igiene personale
CONAD Essentiae Deodorante Vapo Delicato 75 ml,27.8 € / L,"1,67€",Cura persona,Igiene personale
CONAD Essentiae Deodorante Vapo Talco 75 ml,27.8 € / L,"1,67€",Cura persona,Igiene personale
Deodorante roll-on Delicato 50 ml Conad,41.8 € / L,"1,67€",Cura persona,Igiene personale
Deodorante Spray Delicato 150 ml Conad,13.2 € / L,"1,59€",Cura persona,Igiene personale
Deodorante Spray Fresco 150 ml Conad,13.2 € / L,"1,59€",Cura persona,Igiene personale
Deodorante Spray Invisibile 150 ml Conad,13.2 € / L,"1,59€",Cura persona,Igiene personale
Deodorante Spray Sportivo 150 ml Conad,13.2 € / L,"1,59€",Cura persona,Igiene personale
Deodorante Spray Talco 150 ml Conad,13.2 € / L,"1,59€",Cura persona,Igiene personale
Axe Africa Deodorant & Bodyspray 150 ml,"18,60 € / L","2,79€",Cura persona,Igiene personale
Borotalco Attivo Profumo di Cedro e Lime Deo Spray 150 ml,"28,60 € / L","4,29€",Cura persona,Igiene personale
Borotalco Attivo Profumo di Sali Marini Deo Spray 150 ml,"28,60 € / L","4,29€",Cura persona,Igiene personale
Borotalco Fresco Profumo di Talco Fresco Deo Spray 150 ml,"28,60 € / L","4,29€",Cura persona,Igiene personale
Borotalco Intensivo Profumo di Borotalco Deo Spray 150 ml,"28,60 € / L","4,29€",Cura persona,Igiene personale
Borotalco Invisibile Deo Roll On 50 ml,"85,80 € / L","4,29€",Cura persona,Igiene personale
Borotalco Invisibile Deo Spray 150 ml,"28,60 € / L","4,29€",Cura persona,Igiene personale
Borotalco Invisibile Profumo di Borotalco Deo Spray 150 ml,"28,60 € / L","4,29€",Cura persona,Igiene personale
Borotalco Invisibile Profumo Fresco Oceanico Deo Spray 150 ml,"28,60 € / L","4,29€",Cura persona,Igiene personale
Borotalco Originale Profumo di Borotalco Deo Roll On 50 ml,"85,80 € / L","4,29€",Cura persona,Igiene personale
Borotalco Originale Profumo di Borotalco Deo Spray 150 ml,"28,60 € / L","4,29€",Cura persona,Igiene personale
Borotalco Originale Profumo di Borotalco Deo Vapo 75 ml,"57,20 € / L","4,29€",Cura persona,Igiene personale
Breeze Blue Deodorante profumato 100 mL,"57,50 € / L","5,75€",Cura persona,Igiene personale
Breeze Classico 67 Deodorante Profumato 100 mL,"57,50 € / L","5,75€",Cura persona,Igiene personale
Breeze Freschezza Talcata 24h 75 mL,"36,00 € / L","2,70€",Cura persona,Igiene personale
Breeze Freschezza Talcata Deodorante Spray 150 mL,"19,93 € / L","2,99€",Cura persona,Igiene personale
Breeze Men Fresh Protection Deodorante Spray 150 mL,"19,93 € / L","2,99€",Cura persona,Igiene personale
Breeze Men Invisible Protection Deodorante Profumato 100 mL,"57,50 € / L","5,75€",Cura persona,Igiene personale
Breeze Sporting Deodorante profumati 100 ml,"57,50 € / L","5,75€",Cura persona,Igiene personale
Dove advanced control fresh 100 ml,"38,90 € / L","3,89€",Cura persona,Igiene personale
Dove advanced control original 100 ml,"38,90 € / L","3,89€",Cura persona,Igiene personale
Dove go fresh apple & white tea scent anti-perspirant 150 ml,"21,93 € / L","3,29€",Cura persona,Igiene personale
Dove go fresh cucumber & green tea scent 40 ml,"82,25 € / L","3,29€",Cura persona,Igiene personale
Dove go fresh pear & aloe vera scent anti-perspirant 150 ml,"21,93 € / L","3,29€",Cura persona,Igiene personale
Dove invisible care water lily & rose scent anti-perspirant 150 ml,"21,93 € / L","3,29€",Cura persona,Igiene personale
Dove invisible dry white freesia & violet flower scent 150 ml,"21,93 € / L","3,29€",Cura persona,Igiene personale
Dove invisibledry clean touch 40 ml,"82,25 € / L","3,29€",Cura persona,Igiene personale
Dove Men Care Clean Comfort Anti-Perspirant 150 ml,"21,93 € / L","3,29€",Cura persona,Igiene personale
Dove Men Care Cool Fresh Anti-Perspirant 150 ml,"21,93 € / L","3,29€",Cura persona,Igiene personale
Dove Men Care Extra Fresh Anti-Perspirant 150 ml,"21,93 € / L","3,29€",Cura persona,Igiene personale
Dove Men Care Invisible Dry 150 ml,"21,93 € / L","3,29€",Cura persona,Igiene personale
Dove mineral touch Bergamot & aloe vera scent anti-perspirant 150 ml,"21,93 € / L","3,29€",Cura persona,Igiene personale
Dove original 40 ml,"82,25 € / L","3,29€",Cura persona,Igiene personale
Dove original anti-perspirant 150 ml,"21,93 € / L","3,29€",Cura persona,Igiene personale
Dove original Deodorante Vapo No Gas 75 ml,"34,53 € / L","2,59€",Cura persona,Igiene personale
Dove talco profumo di talco anti-perspirant 150 ml,"21,93 € / L","3,29€",Cura persona,Igiene personale
Infasil Deospray Neutro Tripla Azione 150 ml,"23,27 € / L","3,49€",Cura persona,Igiene personale
Infasil Deostick Neutro Tripla Protezione 40 ml,"69,75 € / L","2,79€",Cura persona,Igiene personale
Infasil Neutro Extra Delicato Deodorante Spray 150 ml,"23,27 € / L","3,49€",Cura persona,Igiene personale
Infasil Neutro Extra Delicato Stick 50 ml,"55,80 € / L","2,79€",Cura persona,Igiene personale
Intesa Pour Homme Deodorant Parfumé Ylang-Ylang Body Spray 150 mL,"19,93 € / L","2,99€",Cura persona,Igiene personale
Intesa Sex Unisex Parfum Deodorant Ambra d'Arabia 125 mL,"23,92 € / L","2,99€",Cura persona,Igiene personale
Lycia Deodorante Vapo fresh energy 75 ml,"39,87 € / L","2,99€",Cura persona,Igiene personale
Lycia Deodorante Vapo invisible Fast Dry 75 ml,"39,87 € / L","2,99€",Cura persona,Igiene personale
Lycia Deodorante Vapo original 75 ml,"39,87 € / L","2,99€",Cura persona,Igiene personale
Malizia Uomo Musk Eau de Toilette Deodorant 150 mL,"19,27 € / L","2,89€",Cura persona,Igiene personale
Malizia Uomo Vetyver Eau de Toilette Deodorant 150 mL,"19,27 € / L","2,89€",Cura persona,Igiene personale
Neutro Roberts asciutto zero% alcol legno iris e mandorla Deo Spray 150 ml,"21,00 € / L","3,15€",Cura persona,Igiene personale
Neutro Roberts delicato extra protezione Deo Spray 150 ml,"21,00 € / L","3,15€",Cura persona,Igiene personale
Neutro Roberts fresco zero% sali bergamotto e zenzero Deo Spray 150 ml,"21,00 € / L","3,15€",Cura persona,Igiene personale
Neutro Roberts fresco zero% sali classico Deo Spray 150 ml,"21,00 € / L","3,15€",Cura persona,Igiene personale
Neutro Roberts fresco zero% sali classico Deo Stick 40 ml,"59,75 € / L","2,39€",Cura persona,Igiene personale
Neutro Roberts fresco zero% sali tè verde e lime Deo Spray 150 ml,"21,00 € / L","3,15€",Cura persona,Igiene personale
Neutro Roberts spray fresco Monoi & Fresia 150 ml,"21,00 € / L","3,15€",Cura persona,Igiene personale
Neutro Roberts stick fresco Tè Verde & Lime 40 ml,"59,75 € / L","2,39€",Cura persona,Igiene personale
Nivea Black & White Inivisible Original 150 ml,"19,93 € / L","2,99€",Cura persona,Igiene personale
Nivea Black & White Invisible Fresh Anti-Perspirant 50 ml,"55,00 € / L","2,75€",Cura persona,Igiene personale
Nivea Black & White Invisible Original Anti-Perspirant 50 ml,"55,00 € / L","2,75€",Cura persona,Igiene personale
Nivea Deodorant Anti-Perspirant dry comfort 50 ml,"55,00 € / L","2,75€",Cura persona,Igiene personale
Nivea Deodorant Anti-Perspirant pearl & beauty 150 ml,"19,93 € / L","2,99€",Cura persona,Igiene personale
Nivea Deodorant Anti-Perspirant pearl & beauty 50 ml,"55,00 € / L","2,75€",Cura persona,Igiene personale
Nivea Deodorant Anti-Perspirant pure invisible 50 ml,"55,00 € / L","2,75€",Cura persona,Igiene personale
Nivea fresh natural 150 ml,"19,93 € / L","2,99€",Cura persona,Igiene personale
Nivea Men Anti-Perspirant Black & White Invisible Original 150 ml,"19,93 € / L","2,99€",Cura persona,Igiene personale
Nivea Men Anti-Perspirant Black & White Invisible Original 50 ml,"55,00 € / L","2,75€",Cura persona,Igiene personale
Nivea Men Cool Kick Anti-Perspirant 150 ml,"19,93 € / L","2,99€",Cura persona,Igiene personale
Nivea Men Cool Kick Deodorant Anti-Perspirant 50 ml,"55,00 € / L","2,75€",Cura persona,Igiene personale
Nivea Men Dry Impact Deodorant Anti-Perspirant 50 ml,"55,00 € / L","2,75€",Cura persona,Igiene personale
Omia Laboratoires erboristico Deo Spray Neutro Delicato tea tree oil 150 ml,"34,33 € / L","5,15€",Cura persona,Igiene personale
Omia Laboratoires erboristico Deo Spray Neutro Idratante olio di argan 150 ml,"34,33 € / L","5,15€",Cura persona,Igiene personale
Sauber DeoCare Pelli Sensibili con Attivi Postbiotici 35 ml,"114,00 € / L","3,99€",Cura persona,Igiene personale
Essentiae Intimo Lenitivo Formula per Parti Intime Delicate e Sensibili 300 ml Conad,"6,17 € / L","1,85€",Cura persona,Igiene personale
Essentiae Intimo Neutro Formula Delicata per Tutta la Famiglia 300 ml Conad,"6,17 € / L","1,85€",Cura persona,Igiene personale
Essentiae Intimo Protettivo Formula con Antibatterico pH 3.5 300 ml Conad,"6,17 € / L","1,85€",Cura persona,Igiene personale
Essentiae Intimo Rinfrescante 300 ml Conad,"6,17 € / L","1,85€",Cura persona,Igiene personale
Essentiae Salviettine Intime Lenitive 12 pz Conad,"1,20 € / conf","1,20€",Cura persona,Igiene personale
Essentiae Salviettine Intime Rinfrescanti 12 pz Conad,"1,20 € / conf","1,20€",Cura persona,Igiene personale
Fria Easy la Carta veramente Igienica salviette umidificate effetto Emolliente 50 pz,"0,04 € / conf","1,99€",Cura persona,Igiene personale
Fria Intima Azione Protettiva Effetto Normalizzante 20 pz,"0,08 € / conf","1,55€",Cura persona,Igiene personale
Lactacyd Protezione & Delicatezza Detergente intimo per tutti i tipi di pelle 300 ml,"11,30 € / L","3,39€",Cura persona,Igiene personale
Lactacyd Protezione Sensitive Detergente intimo per pelli sensibili 300 ml,"11,30 € / L","3,39€",Cura persona,Igiene personale
Neutro Roberts intimo delicato con estratto di camomilla 200 ml,"13,25 € / L","2,65€",Cura persona,Igiene personale
"Neutromed pH 3,5 Freschezza 250 ml","11,96 € / L","2,99€",Cura persona,Igiene personale
"Neutromed pH 4,5 Delicatezza 250 ml","11,96 € / L","2,99€",Cura persona,Igiene personale
"Neutromed pH 5,5 Lenitivo 250 ml","11,96 € / L","2,99€",Cura persona,Igiene personale
CONAD Sapone Liquido ad Azione Igienizzante 300 ml,"5,17 € / L","1,55€",Cura persona,Igiene personale
Essentiae Sapone Liquido Cremoso 1 l Conad,"1,79 € / L","1,79€",Cura persona,Igiene personale
Essentiae Sapone Liquido Cremoso 300 ml Conad,"4,30 € / L","1,29€",Cura persona,Igiene personale
Essentiae Sapone Liquido Emolliente 1 l Conad,"1,79 € / L","1,79€",Cura persona,Igiene personale
Essentiae Sapone Liquido Purificante con antibatterico naturale 1 l Conad,"1,79 € / L","1,79€",Cura persona,Igiene personale
Sapone liquido Purificante Essentiae 300 ml Conad,"4,30 € / L","1,29€",Cura persona,Igiene personale
Borotalco Profumo di Borotalco Original Sapone Idratante 250 ml,"6,36 € / L","1,59€",Cura persona,Igiene personale
Dove beauty cream bar 2 x 90 g,"12,17 € / Kg","2,19€",Cura persona,Igiene personale
Dove Sapone Detergente Idratante nutrimento profondo 250 ml,"7,96 € / L","1,99€",Cura persona,Igiene personale
Dove sapone mani ricarica original 500 ml,"3,40 € / L","1,70€",Cura persona,Igiene personale
Felce Azzurra Classico Sapone Liquido 300 ml,"5,67 € / L","1,70€",Cura persona,Igiene personale
Fresh & Clean Gel di Frutta Sapone Liquido Idratante Fragola e Ciliegia 300 ml,"1,17 € / L","1,75€",Cura persona,Igiene personale
Fresh & Clean Sapone Liquido disinfettante 300 ml,"6,83 € / L","2,05€",Cura persona,Igiene personale
Fresh & Clean Sapone Liquido Nutriente Olio di Argan e Avena Ecoricarica 1000 ml,"3,15 € / L","3,15€",Cura persona,Igiene personale
I Provenzali Saponetta Vegetale Extrafina Profumata Vaniglia e Cannella 100 g,"14,90 € / Kg","1,49€",Cura persona,Igiene personale
Milmil Sapone Liquido Talco & Iris Ricarica Universale Ecologica 2 Litri,"1,50 € / L","2,99€",Cura persona,Igiene personale
Neutro Roberts con antibatterico con tè verde Sapone Liquido Dermotestato 200 ml,"9,95 € / L","1,99€",Cura persona,Igiene personale
Neutro Roberts idratante con glicerina naturale Sapone Liquido 200 ml,"9,95 € / L","1,99€",Cura persona,Igiene personale
Neutro Roberts idratante saponetta neutra 3 x 100 g,"9,30 € / Kg","2,79€",Cura persona,Igiene personale
Nidra Saponelatte Idratante con proteine del Latte 3 x 90 g,"6,26 € / Kg","1,69€",Cura persona,Igiene personale
Palmolive ricarica sapone liquido mani Naturals latte e mandorla 900 ml,"4,43 € / L","3,99€",Cura persona,Igiene personale
Palmolive sapone liquido mani Aquarium vegano 300 ml,"9,97 € / L","2,99€",Cura persona,Igiene personale
Palmolive sapone liquido mani Naturals latte e mandorla 300 ml,"9,97 € / L","2,99€",Cura persona,Igiene personale
Spuma di Sciampagna Benessere Marsiglia Sapone Crema 400 ml,"5,12 € / L","2,05€",Cura persona,Igiene personale
Borotalco Talco in polvere barattolo 200 g,"9,95 € / Kg","1,99€",Cura persona,Igiene personale
Borotalco Talco in polvere busta 100 g,"9,80 € / Kg","0,98€",Cura persona,Igiene personale
Felce Azzurra Talco Classico 100 g,"7,60 € / Kg","0,76€",Cura persona,Igiene personale
DEO INFASIL EXTRADELIC.VAPO 70ml,"47,86 € / L","3,35€",Cura persona,Igiene personale
DEO INFASIL FRES.NAT.SPRAY 150ml,"23,27 € / L","3,49€",Cura persona,Igiene personale
DEO N.ROB. ZERO GAS FRES.GIALLO75ml,"50,53 € / L","3,79€",Cura persona,Igiene personale
AMIDO BUONA GIORNATA RELEVI 250g,"7,96 € / Kg","1,99€",Cura persona,Igiene personale
BAGNOSC.P.SILVESTRE F.NATURA 750ml,"3,19 € / L","2,39€",Cura persona,Igiene personale
DOCCIA  NIVEA OLIO&VITAM 200ml,"16,95 € / L","3,39€",Cura persona,Igiene personale
SAP.INTIM.INFASIL LENITIVA 300ml,13.3 € / L,"2,79€",Cura persona,Igiene personale
SAP.INTIM.INFASIL NEUTRO 300ml,13.3 € / L,"2,79€",Cura persona,Igiene personale
SAP.LIQ.ALLO ZOLFO TABIANO 250ml,"8,76 € / L","2,19€",Cura persona,Igiene personale
Balsamo Delicato 200 ml Conad,"7,95 € / L","1,59€",Cura persona,Capelli
Balsamo Elasticizzante 200 ml Conad,"7,95 € / L","1,59€",Cura persona,Capelli
Balsamo Nutriente 200 ml Conad,"7,95 € / L","1,59€",Cura persona,Capelli
Essentiae Balsamo Disciplinante 200 ml Conad,"7,95 € / L","1,59€",Cura persona,Capelli
Essentiae Balsamo Rinforzante 200 ml Conad,"7,95 € / L","1,59€",Cura persona,Capelli
Pantene Balsamo e Siero Capelli con Acido Ialuronico Miracle Serum Lisci Effetto Seta 150 ml,21.8 € / L,"2,29€",Cura persona,Capelli
Pantene Balsamo Lisci Effetto Seta 180 ml,18.2 € / L,"2,29€",Cura persona,Capelli
Pantene Balsamo Ricci Perfetti 180 ml,18.2 € / L,"2,29€",Cura persona,Capelli
Pantene Balsamo Rigenera e Protegge 180 ml,18.2 € / L,"2,29€",Cura persona,Capelli
Biopoint Professional Hair Program Balsamo Bi-Fase Delicato 200 ml,"33,45 € / L","6,69€",Cura persona,Capelli
"Garnier Fructis Balsamo Hydra Ricci, balsamo definizione per capelli da mossi a ricci, 200 ml","14,95 € / L","2,99€",Cura persona,Capelli
"Garnier Ultra Dolce Balsamo all'estratto di Camomilla e Miele per capelli chiari, 200 ml","13,45 € / L","2,69€",Cura persona,Capelli
"Garnier Ultra Dolce Balsamo Meraviglioso all'olio d'argan e di camelia per capelli secchi, 200 ml","13,45 € / L","2,69€",Cura persona,Capelli
"Garnier Ultra Dolce Balsamo Tesori di Miele con Pappa reale, rinforza i capelli fragili 200 ml","13,45 € / L","2,69€",Cura persona,Capelli
"L'Oréal Paris Balsamo Elvive Color Vive, Per Capelli Colorati o con Mèches","13,16 € / L","3,29€",Cura persona,Capelli
"L'Oréal Paris Balsamo Elvive Dream Long, Per Capelli Lunghi e Lisci","13,16 € / L","3,29€",Cura persona,Capelli
"L'Oréal Paris Balsamo Elvive Olio Straordinario, Azione Nutriente per Capelli Secchi","13,16 € / L","3,29€",Cura persona,Capelli
"L'Oréal Paris Elvive Hydra Hyaluronic, Balsamo 72H Idratazione Profonda, con Acido Ialuronico, 250ml","13,16 € / L","3,29€",Cura persona,Capelli
Gel Fissaggio Estremo 150 ml Conad,"9,93 € / L","1,49€",Cura persona,Capelli
Gel Fissaggio Extraforte 150 ml Conad,"9,93 € / L","1,49€",Cura persona,Capelli
Gel Fissaggio Forte 150 ml Conad,"9,93 € / L","1,49€",Cura persona,Capelli
Lacca Fissaggio Forte Capelli Brillanti e Naturali 250 ml Conad,"6,76 € / L","1,69€",Cura persona,Capelli
Lacca Fissaggio Normale Capelli Morbidi e Naturali 250 ml Conad,"6,76 € / L","1,69€",Cura persona,Capelli
Spuma Coiffage Effetto Volume Tenuta extra forte 150 ml Conad,"9,93 € / L","1,49€",Cura persona,Capelli
Spuma Coiffage Modella Ricci Tenuta forte 150 ml Conad,"9,93 € / L","1,49€",Cura persona,Capelli
Garnier Cadonett lacca fissaggio normale 250 mL,"12,36 € / L","3,09€",Cura persona,Capelli
"Garnier Fructis Hydra Ricci, Mousse ravviva ricci fissaggio extra forte, 150 ml","17,95 € / L","3,59€",Cura persona,Capelli
Garnier Grafic gel mega-fix 200 ml,"16,45 € / L","3,29€",Cura persona,Capelli
L'Oréal Paris Elnett satin fissaggio normale 250 ml,"19,80 € / L","4,95€",Cura persona,Capelli
L'Oréal Paris Studio Line Fix&Shine 8 Spray fissante 24h 250 ml,"15,60 € / L","3,90€",Cura persona,Capelli
L'Oréal Paris Studio Line Invisi fix 6 Gel mineral 24h 150 ml,"22,60 € / L","3,39€",Cura persona,Capelli
L'Oréal Paris Studio Line Invisi fix 8 Gel mineral 24h 150 ml,"22,60 € / L","3,39€",Cura persona,Capelli
Pantene Pro-V Spuma Ricci Perfetti 200 ml,"23,95 € / L","4,79€",Cura persona,Capelli
Splend'Or Lacca Fissaggio Forte 400 mL,"6,12 € / L","2,45€",Cura persona,Capelli
Essentiae Shampoo e Balsamo 2in1 Addolcente 250 ml Conad,"6,36 € / L","1,59€",Cura persona,Capelli
Essentiae Shampoo e Balsamo 2in1 Antiforfora Riequilibrante 250 ml Conad,"6,36 € / L","1,59€",Cura persona,Capelli
Essentiae Shampoo Elasticizzante 250 ml Conad,"6,36 € / L","1,59€",Cura persona,Capelli
Essentiae Shampoo Purificante 250 ml Conad,"6,36 € / L","1,59€",Cura persona,Capelli
Essentiae Shampoo Rinforzante 250 ml Conad,"6,36 € / L","1,59€",Cura persona,Capelli
Shampoo Antiforfora Antiprurito 250 ml Conad,"6,36 € / L","1,59€",Cura persona,Capelli
Shampoo Disciplinante 250 ml Conad,"6,36 € / L","1,59€",Cura persona,Capelli
Shampoo Nutriente 250 ml Conad,"6,36 € / L","1,59€",Cura persona,Capelli
Pantene Pro-V 3in1 Shampoo Balsamo Trattamento Linea Classica 225 ml,14.5 € / L,"2,29€",Cura persona,Capelli
Pantene Pro-V 3in1 Shampoo Balsamo Trattamento Lisci Effetto Seta 225 ml,14.5 € / L,"2,29€",Cura persona,Capelli
Pantene Shampoo Linea Classica 225 ml,14.5 € / L,"2,29€",Cura persona,Capelli
Pantene Shampoo Lisci Effetto Seta 225 ml,14.5 € / L,"2,29€",Cura persona,Capelli
Pantene Shampoo Ricci Perfetti 225 ml,14.5 € / L,"2,29€",Cura persona,Capelli
Pantene Shampoo Rigenera e Protegge 225 ml,14.5 € / L,"2,29€",Cura persona,Capelli
Batist Dry Shampoo classico 200 ml,"24,75 € / L","4,95€",Cura persona,Capelli
Biopoint Professional Hair Program Shampoo Delicato 400 ml,"16,48 € / L","6,59€",Cura persona,Capelli
Biopoint Professional Hair Program Shampoo Super Nutriente 400 ml,"16,48 € / L","6,59€",Cura persona,Capelli
Dove Anti Crespo Shampoo per Capelli Crespi e Secchi 225 ml,"13,29 € / L","2,99€",Cura persona,Capelli
Dove Ricostruzione Intensiva Shampoo per Capelli Danneggiati 225 ml,"13,29 € / L","2,99€",Cura persona,Capelli
"Garnier Fructis Hair Food, Shampoo nutriente alla banana per capelli secchi, 350 ml","15,57 € / L","5,45€",Cura persona,Capelli
"Garnier Fructis Hair Food, Shampoo riparatore alla papaya per capelli danneggiati, 350 ml","15,57 € / L","5,45€",Cura persona,Capelli
"Garnier Fructis Shampoo Antiforfora lenitivo per capelli normali, 250 ml","11,96 € / L","2,99€",Cura persona,Capelli
"Garnier Fructis Shampoo Forti & Brillanti 2in1, shampoo fortificante per capelli normali, 250 ml","11,96 € / L","2,99€",Cura persona,Capelli
"Garnier Fructis Shampoo Forti & Brillanti, shampoo fortificante per capelli normali,  250 ml","11,96 € / L","2,99€",Cura persona,Capelli
"Garnier Fructis Shampoo Hydra Liss & Shine, shampoo lisciante, 250 ml","11,96 € / L","2,99€",Cura persona,Capelli
Garnier Shampoo Ultra Dolce Camomilla & Miele di Fiori Shampoo Illuminante 250 ml,"10,76 € / L","2,69€",Cura persona,Capelli
"Garnier Ultra Dolce Shampoo 2in1 per Bambini all'albicocca e fiori di cotone, senza parabeni, 250 ml","10,76 € / L","2,69€",Cura persona,Capelli
"Garnier Ultra Dolce Shampoo Meraviglioso all'olio d'argan e di camelia per capelli secchi, 250 ml","10,76 € / L","2,69€",Cura persona,Capelli
"Garnier Ultra Dolce Shampoo Tesori di Miele, con Pappa Reale e Miele per capelli fragili, 250 ml","10,76 € / L","2,69€",Cura persona,Capelli
Head & Shoulders Antiforfora Shampoo   Balsamo 2in1 Antiprurito* 225 ml,"14,62 € / L","3,29€",Cura persona,Capelli
Head & Shoulders Shampoo Antiforfora Classic Clean 225 ml,"14,62 € / L","3,29€",Cura persona,Capelli
Head & Shoulders Shampoo Antiforfora Menthol Fresh 225 ml,"14,62 € / L","3,29€",Cura persona,Capelli
Herbal Essences Shampoo Formula Vegana Idrata con Olio di Cocco 250 ml,"10,76 € / L","2,69€",Cura persona,Capelli
Herbal Essences Shampoo Formula Vegana Ripara con Olio di Argan 250 ml,"10,76 € / L","2,69€",Cura persona,Capelli
Johnson's baby shampoo 300 ml,"3,09 € / conf","3,09€",Cura persona,Capelli
"L'Oréal Paris Elvive Hydra Hyaluronic, Shampoo 72H Idratazione Profonda, con Acido Ialuronico, 285ml","11,54 € / L","3,29€",Cura persona,Capelli
"L'Oréal Paris Shampoo Elvive Color Vive, Per Capelli Colorati, 285 ml","11,54 € / L","3,29€",Cura persona,Capelli
"L'Oréal Paris Shampoo Elvive Dream Long, Per Capelli Lisci, 285 ml","11,54 € / L","3,29€",Cura persona,Capelli
"L'Oréal Paris Shampoo Elvive Full Resist, Per Capelli Danneggiati, 285 ml","11,54 € / L","3,29€",Cura persona,Capelli
"L'Oréal Paris Shampoo Elvive Olio Straordinario, Azione Nutriente per Capelli Secchi, 285 ml","11,54 € / L","3,29€",Cura persona,Capelli
"L'Oréal Paris Shampoo Elvive Total Repair 5, Per Capelli Danneggiati, 285 ml","11,54 € / L","3,29€",Cura persona,Capelli
RestivOil Complex Olio-Shampoo per Cute Sensibile Antiforfora per capelli da normali a grassi 150 ml,"43,93 € / L","6,59€",Cura persona,Capelli
RestivOil Fisiologico Olio-Shampoo per Cute Sensibile per capelli da normali a grassi 150 ml,"43,93 € / L","6,59€",Cura persona,Capelli
"Garnier Belle Color Colore Luminoso, Tinta per Capelli Bianchi 2 Biondo Naturale","4,99 € / conf","4,99€",Cura persona,Capelli
"Garnier Belle Color Colore Luminoso, Tinta per Capelli Bianchi 20 Castano Chiaro Naturale","4,99 € / conf","4,99€",Cura persona,Capelli
"Garnier Belle Color Colore Luminoso, Tinta per Capelli Bianchi 21 Castano Chiaro Dorato Naturale","4,99 € / conf","4,99€",Cura persona,Capelli
"Garnier Belle Color Colore Luminoso, Tinta per Capelli Bianchi 22 Castano Naturale Nude","4,99 € / conf","4,99€",Cura persona,Capelli
"Garnier Belle Color Colore Luminoso, Tinta per Capelli Bianchi 24 Castano Scuro Naturale","4,99 € / conf","4,99€",Cura persona,Capelli
"Garnier Belle Color Colore Luminoso, Tinta per Capelli Bianchi 5 Biondo Scuro Naturale","4,99 € / conf","4,99€",Cura persona,Capelli
"Garnier Olia Tinta Capelli, Senza Ammoniaca, Blonde 80","8,99 € / conf","8,99€",Cura persona,Capelli
"Garnier Olia Tinta Capelli, Senza Ammoniaca, Brown 50","8,99 € / conf","8,99€",Cura persona,Capelli
"Garnier Olia Tinta Capelli, Senza Ammoniaca, Dark Blonde 70","8,99 € / conf","8,99€",Cura persona,Capelli
"Garnier Olia Tinta Capelli, Senza Ammoniaca, Dark Brown 40","8,99 € / conf","8,99€",Cura persona,Capelli
"Garnier Olia Tinta Capelli, Senza Ammoniaca, Golden brown 53","8,99 € / conf","8,99€",Cura persona,Capelli
"L'Oréal Paris Excellence Crema colorante triplo trattamento avanzato, 5 Castano Chiaro","8,99 € / conf","8,99€",Cura persona,Capelli
"L'Oréal Paris Excellence Crema colorante triplo trattamento avanzato, 7 Biondo","8,99 € / conf","8,99€",Cura persona,Capelli
"L'Oréal Paris Excellence Crema colorante triplo trattamento avanzato, 9 Biondo Chiarissimo","8,99 € / conf","8,99€",Cura persona,Capelli
"L'Oréal Paris Excellence, Crema colorante triplo trattamento avanzato, 4 Castano","8,99 € / conf","8,99€",Cura persona,Capelli
"L'Oréal Paris Excellence, Crema colorante triplo trattamento avanzato, 6 Biondo Scuro","8,99 € / conf","8,99€",Cura persona,Capelli
"L'Oréal Paris Excellence, Crema colorante triplo trattamento avanzato, 8 Biondo Chiaro","8,99 € / conf","8,99€",Cura persona,Capelli
L'Oréal Paris Ritocco Perfetto I Biondi Spray Istantaneo Ritocco Radici 75 ml,"114,00 € / L","8,55€",Cura persona,Capelli
L'Oréal Paris Ritocco Perfetto I Bruni Spray Istantaneo Ritocco Radici 75 ml,"114,00 € / L","8,55€",Cura persona,Capelli
L'Oréal Paris Ritocco Perfetto I Neri Spray Istantaneo Ritocco Radici 75 ml,"114,00 € / L","8,55€",Cura persona,Capelli
"L'Oréal Paris Ritocco Perfetto, Spray Istantaneo Correttore per Radici, Castano, 75 ml","114,00 € / L","8,55€",Cura persona,Capelli
Palette 1_4 Nero Blu,"5,55 € / conf","5,55€",Cura persona,Capelli
Palette 3_1 Castano Scuro,"5,55 € / conf","5,55€",Cura persona,Capelli
Palette 4_8 Castano Cioccolato,"5,55 € / conf","5,55€",Cura persona,Capelli
Schwarzkopf Natural&Easy 550 Biondo Scuro Naturale,"4,29 € / conf","4,29€",Cura persona,Capelli
Schwarzkopf Natural&Easy 560 Castano Chiaro Naturale,"4,29 € / conf","4,29€",Cura persona,Capelli
Schwarzkopf Natural&Easy 570 Castano Naturale,"4,29 € / conf","4,29€",Cura persona,Capelli
Schwarzkopf Natural&Easy 580 Castano Scuro Naturale,"4,29 € / conf","4,29€",Cura persona,Capelli
Schwarzkopf Natural&Easy 590 Nero Naturale,"4,29 € / conf","4,29€",Cura persona,Capelli
SH.ALLO ZOLFO TABIANO TUBO 250ml,"11,96 € / L","2,99€",Cura persona,Capelli
SHAMPOO ALAMA ANTIGIALLO 500ml,"11,98 € / L","5,99€",Cura persona,Capelli
FIALE KERAMINE H ANTICADUTA x12,"9,20 € / conf","9,20€",Cura persona,Capelli
FIALE KERAMINE H GIALLO AVORIO x10,"8,65 € / conf","8,65€",Cura persona,Capelli
LACCA ECOLOGICA CIELO ALTO  250ml,"35,00 € / L","8,75€",Cura persona,Capelli
Proraso Gel Riparatore 10 ml,"129,00 € / L","1,29€",Cura persona,Rasatura e depilazione
Gel da barba 200 ml Conad,"10,95 € / L","2,19€",Cura persona,Rasatura e depilazione
Schiuma da barba 300 ml Conad,"4,63 € / L","1,39€",Cura persona,Rasatura e depilazione
Denim Original After Shave 100 ml,"34,90 € / L","3,49€",Cura persona,Rasatura e depilazione
Intesa Pour Homme After shave antirughe 100 ml,"41,50 € / L","4,15€",Cura persona,Rasatura e depilazione
Nivea Men Sensitive Balsamo Dopobarba 100 ml,"55,90 € / L","5,59€",Cura persona,Rasatura e depilazione
Nivea Men Sensitive Gel da Barba 200 ml,"17,45 € / L","3,49€",Cura persona,Rasatura e depilazione
Nivea Men Sensitive Schiuma da Barba 200 ml,"11,25 € / L","2,25€",Cura persona,Rasatura e depilazione
Noxzema Protective Shave Nutriente Schiuma da Barba con Burro di Cacao 300 ml,"8,63 € / L","2,59€",Cura persona,Rasatura e depilazione
Proraso Lozione Dopobarba Rinfrescante 100 ml,"45,90 € / L","4,59€",Cura persona,Rasatura e depilazione
Proraso Sapone da Barba Rinfrescante 150 ml,"14,60 € / L","2,19€",Cura persona,Rasatura e depilazione
Proraso Sapone da Barba Rinfrescante 150 ml,"15,27 € / L","2,29€",Cura persona,Rasatura e depilazione
Proraso Schiuma da Barba Pelli Sensibili 300 ml,"8,30 € / L","2,49€",Cura persona,Rasatura e depilazione
Proraso Schiuma da Barba Rinfrescante 400 ml,"6,22 € / L","2,49€",Cura persona,Rasatura e depilazione
"Gillette Venus Lamette Rasoi Donna Comfortglide Spa Breeze per Rasoio a 3 Lame, Confezione da 4","3,50 € / conf","13,99€",Cura persona,Rasatura e depilazione
CONAD Essentiae Testine di Ricambio 3 Lame 4 pz,"7,49 € / conf","7,49€",Cura persona,Rasatura e depilazione
"Gillette Lamette di Ricambio per Rasoio da Uomo Platinum, 5 Ricariche","0,69 € / conf","3,45€",Cura persona,Rasatura e depilazione
"Gillette Lamette Rasoi Uomo Fusion5 Power per Rasoio a 5 Lame, Confezione da 4 Lamette Barba","4,75 € / conf","18,99€",Cura persona,Rasatura e depilazione
"Gillette Lamette Rasoi Uomo Mach3 per Rasoio a 3 Lame, Confezione da 5 Lamette Barba","3,20 € / conf","15,99€",Cura persona,Rasatura e depilazione
"Gillette Lamette Rasoi Uomo Mach3 Turbo per Rasoio a 3 Lame, Confezione da 5 Lamette Barba","3,60 € / conf","17,99€",Cura persona,Rasatura e depilazione
Gillette Sensor Excel Bilama 5 Ricariche,"1,39 € / conf","6,95€",Cura persona,Rasatura e depilazione
Wilkinson Sword Classic 5 pz,"0,46 € / conf","2,29€",Cura persona,Rasatura e depilazione
"Maybelline New York Colossal Curl Bounce Mascara, Very Black, 10 ml","1095,00 € / L","10,95€",Cura persona,Cosmetica
"Maybelline New York Mascara Allungante Falsies Lash Lift, Effetto laminazione delle ciglia","1332,22 € / L","11,99€",Cura persona,Cosmetica
"Maybelline New York Mascara Ciglia Sensazionali Sky High, Volumizzante e Allungante, Black 7,2 ml","1712,86 € / L","11,99€",Cura persona,Cosmetica
"Maybelline New York The Colossal Mascara, Effetto Mega Volume in un Istante","1310,00 € / L","13,10€",Cura persona,Cosmetica
Tesori d'Oriente Fior di Loto Profumo Aromatico 100 ml,"56,50 € / L","5,65€",Cura persona,Cosmetica
Tesori d'Oriente Hammam Profumo Aromatico Olio di Argan e Fiori di Arancio 100 ml,"56,50 € / L","5,65€",Cura persona,Cosmetica
Tesori d'Oriente Muschio Bianco Profumo Aromatico 100 ml,"56,50 € / L","5,65€",Cura persona,Cosmetica
Tesori d'Oriente Orchidea della Cina Profumo Aromatico 100 ml,"56,50 € / L","5,65€",Cura persona,Cosmetica
Tesori d'Oriente Profumo aromatico mirra 100 ml,"56,50 € / L","5,65€",Cura persona,Cosmetica
Essentiae Crema Viso e Corpo Elasticizzante per tutti i tipi di pelle 200 ml Conad,"16,50 € / L","3,30€",Cura persona,Trattamento viso e corpo
Essentiae Latte Corpo Idratante per pelli normali 250 ml Conad,"10,76 € / L","2,69€",Cura persona,Trattamento viso e corpo
Essentiae Latte Corpo Nutriente per pelli secche 250 ml Conad,"10,76 € / L","2,69€",Cura persona,Trattamento viso e corpo
Biopoint Body Care Crema Corpo Idratazione Sublime 500 ml,"22,60 € / L","11,30€",Cura persona,Trattamento viso e corpo
Geomar Thalasso Scrub Dermolevigante 600 g,"18,17 € / Kg","10,90€",Cura persona,Trattamento viso e corpo
I Provenzali Olio di Mandorle Dolci Puro Senza profumo Elasticizzante 250 ml,"23,96 € / L","5,99€",Cura persona,Trattamento viso e corpo
Kaloderma Nutriente Karité Fluida Corpo per Pelle Secca e Molto Secca 400 ml,"8,98 € / L","3,59€",Cura persona,Trattamento viso e corpo
Leocrema Crema Corpo all'Olio di Argan tutti i tipi di pelle 400 ml,"6,38 € / L","2,55€",Cura persona,Trattamento viso e corpo
Leocrema Crema Corpo Idratante pelle normale o secca 400 ml,"6,38 € / L","2,55€",Cura persona,Trattamento viso e corpo
Leocrema Crema Corpo Nutriente Olio di Mandorle e Pantenolo 400 ml,"6,38 € / L","2,55€",Cura persona,Trattamento viso e corpo
Leocrema Crema Nutriente Multiuso Pellemorbida Germe di Grano e Vitamina E 150 ml,"10,33 € / L","1,55€",Cura persona,Trattamento viso e corpo
Nivea Crema Corpo Idratante Express 48 h Siero Idratazione Intensa e Minerali Marini 250 ml,"15,96 € / L","3,99€",Cura persona,Trattamento viso e corpo
Nivea Crema Corpo Nutriente Pelle Secca o molto secca 250 ml,"15,96 € / L","3,99€",Cura persona,Trattamento viso e corpo
Nivea Crema Corpo Nutriente Pelle secca o molto secca 500 ml,"8,78 € / L","4,39€",Cura persona,Trattamento viso e corpo
Nivea Crema Corpo Vellutante Pelle Secca 250 ml,"15,96 € / L","3,99€",Cura persona,Trattamento viso e corpo
Nivea Creme 150 ml,"13,27 € / L","1,99€",Cura persona,Trattamento viso e corpo
Nivea soft Crema Idratante Rinfrescante 200 ml,"23,45 € / L","4,69€",Cura persona,Trattamento viso e corpo
Nivea Soufflé Corpo Vellutante 300 ml,"15,63 € / L","4,69€",Cura persona,Trattamento viso e corpo
Omia Laboratori Ecobio Crema Corpo argan del Marocco Nutriente Vellutante 200 ml,"23,45 € / L","4,69€",Cura persona,Trattamento viso e corpo
"Protettivo Labbra Idratante SPF 15 5,7 ml Essentiae Conad",20.8 € / L,"0,95€",Cura persona,Trattamento viso e corpo
"Labello Classic Care 5,5 ml","270,91 € / L","1,49€",Cura persona,Trattamento viso e corpo
"Labello Hydro Care SPF 15 4,8 g","372,73 € / L","2,05€",Cura persona,Trattamento viso e corpo
"Labello Med Repair SPF 15 4,8 g","416,36 € / L","2,29€",Cura persona,Trattamento viso e corpo
"Labello Soft Rosé 5,5 ml","270,91 € / L","1,49€",Cura persona,Trattamento viso e corpo
Essentiae Crema Mani Protettiva per mani secche e screpolate 100 ml Conad,"16,50 € / L","1,65€",Cura persona,Trattamento viso e corpo
Glicemille Crema Mani Nutriente 100 mL,"21,50 € / L","2,15€",Cura persona,Trattamento viso e corpo
Glysolid Classica 100 ml,"26,50 € / L","2,65€",Cura persona,Trattamento viso e corpo
Glysolid Crema mani classica mani screpolate 100 ml,"21,90 € / L","2,19€",Cura persona,Trattamento viso e corpo
Neutrogena crema mani concentrata Profumata 50 ml,"3,20 € / conf","3,20€",Cura persona,Trattamento viso e corpo
Nivea Crema Mani Nutriente 100 ml,"24,50 € / L","2,45€",Cura persona,Trattamento viso e corpo
FarmaMed Lame per Tagliacalli 10 pz,"0,36 € / conf","3,65€",Cura persona,Trattamento viso e corpo
FarmaMed Tronchese 1 pz,"8,70 € / conf","8,70€",Cura persona,Trattamento viso e corpo
FarmaMed Cerotto Piccole Vesciche 2 Formati 6 pz,"1,10 € / conf","6,60€",Cura persona,Trattamento viso e corpo
FarmaMed Cerotto Vesciche 2 Formati 6 pz,"1,09 € / conf","6,55€",Cura persona,Trattamento viso e corpo
FarmaMed Paracalli Anti Callosità Lattice 1 Formato 9 pz,"0,42 € / conf","3,80€",Cura persona,Trattamento viso e corpo
FarmaMed Polvere Piedi 100 g,"47,50 € / Kg","4,75€",Cura persona,Trattamento viso e corpo
FarmaMed Set Prevenzione Calli e Vesciche 4 Formati Pretagliati   1 Foglio Ritagliabile 7 pz,"0,60 € / conf","4,20€",Cura persona,Trattamento viso e corpo
FarmaMed Spray Deo Comfort  24h 75ml,"96,00 € / L","7,20€",Cura persona,Trattamento viso e corpo
Gel Dopo Puntura Protezione Famiglia 10 ml Conad,"379,00 € / L","3,79€",Cura persona,Trattamento viso e corpo
Salviette Antipuntura 15 pz Conad,"3,99 € / conf","3,99€",Cura persona,Trattamento viso e corpo
"Autan Family Care Spray Secco Insetto Repellente e Antizanzare, 100ml","64,90 € / L","6,49€",Cura persona,Trattamento viso e corpo
"Autan Family Care Vapo Insetto Repellente e Antizanzare, 100ml","64,90 € / L","6,49€",Cura persona,Trattamento viso e corpo
"Autan Junior Vapo per Bambini Oltre 2 Anni Insetto Repellente e Antizanzare Tigre e Comuni,100ml","74,90 € / L","7,49€",Cura persona,Trattamento viso e corpo
"Autan Tropical Spray Insetto Repellente e Antizanzare Tigre, Comuni e Tropicali, 100ml","95,90 € / L","9,59€",Cura persona,Trattamento viso e corpo
"Autan Tropical Spray Secco Insetto Repellente e Antizanzare Tigre, Comuni e Tropicali, 100ml","95,90 € / L","9,59€",Cura persona,Trattamento viso e corpo
"Off! Insetto repellente Spray, 100 ml","57,90 € / L","5,79€",Cura persona,Trattamento viso e corpo
VAPE Derm Repellente Spray Scudo Attivo 2x Bipacco,"54,50 € / L","10,90€",Cura persona,Trattamento viso e corpo
Nivea Sun protect & hydrate 30 Alta 200 ml,"78,45 € / L","15,69€",Cura persona,Trattamento viso e corpo
Nivea Sun protect & hydrate 30 Alta 270 ml,"61,07 € / L","16,49€",Cura persona,Trattamento viso e corpo
Essentiae Latte Detergente Idratante per tutti i tipi di pelle 250 ml Conad,10.8 € / L,"2,15€",Cura persona,Trattamento viso e corpo
"Garnier Acqua Micellare   Latte Idratante, Deterge, Idrata, Strucca Senza Risciacquo, 400 ml",13.1 € / L,"3,99€",Cura persona,Trattamento viso e corpo
"Garnier Acqua Micellare Tutto in 1 Struccante viso, occhi e labbra per pelli sensibili, 400 ml",10.6 € / L,"3,19€",Cura persona,Trattamento viso e corpo
Garnier PureActive 3in1 150 ml,34.3 € / L,"4,12€",Cura persona,Trattamento viso e corpo
Garnier SkinActive Acqua Micellare Bifase 400 ml,13.1 € / L,"3,99€",Cura persona,Trattamento viso e corpo
Acqua alle Rose Acqua Micellare Struccante 200 ml,"26,45 € / L","5,29€",Cura persona,Trattamento viso e corpo
Acqua alle Rose Antirughe Rassodante 50 ml,"187,80 € / L","9,39€",Cura persona,Trattamento viso e corpo
Acqua alle Rose Idratante Rivitalizzante 50 ml,"156,00 € / L","7,80€",Cura persona,Trattamento viso e corpo
Acqua alle Rose Idratante Sensitive 50 ml,"156,00 € / L","7,80€",Cura persona,Trattamento viso e corpo
Clinians Detox Trattamento Antirughe Purificante DetoxTech 3% 50 mL,"175,00 € / L","8,75€",Cura persona,Trattamento viso e corpo
Clinians Hydra Plus Acqua Micellare Attiva Antistress Pelli Secche o Sensibili 400 mL,"9,38 € / L","3,75€",Cura persona,Trattamento viso e corpo
Clinians Hydra Plus Crema Idratante Leggera Pelli Normali o Miste 50 mL,"79,80 € / L","3,99€",Cura persona,Trattamento viso e corpo
Clinians Intense A Lifting Rughe Trattamento Giorno Antirughe SPF 15 Acido Ialuronico 50 mL,"213,80 € / L","10,69€",Cura persona,Trattamento viso e corpo
"Garnier BB Cream Classic, con Acido Ialuronico, Tonalità Medio-Chiara","197,80 € / L","9,89€",Cura persona,Trattamento viso e corpo
"Garnier BB Cream Classic, con Acido Ialuronico, Tonalità Medio-Scura","197,80 € / L","9,89€",Cura persona,Trattamento viso e corpo
Garnier SkinActive Pure Charcoal Maschera Viso in Tessuto Purificante e Idratante,"88,93 € / Kg","2,49€",Cura persona,Trattamento viso e corpo
L'Oréal Paris Age Perfect Golden Age Trattamento Fortificante Giorno Pelli Molto Mature 50 ml,"298,00 € / L","14,90€",Cura persona,Trattamento viso e corpo
"L'Oréal Paris Age Perfect, Crema Viso Re-idratante per Pelli Mature, 50 ml","225,00 € / L","11,25€",Cura persona,Trattamento viso e corpo
"L'Oréal Paris Attiva Anti-Rughe Crema Viso 45 , Trattamento Intensivo Anti-rughe, 50 ml","167,80 € / L","8,39€",Cura persona,Trattamento viso e corpo
"L'Oréal Paris Crema Viso Giorno Antietà Revitalift Laser X3, con Acido Ialuronico e ProXylane, 50 ml","342,00 € / L","17,10€",Cura persona,Trattamento viso e corpo
L'Oréal Paris Fiori Rari - Latte struccante per pelli secche e sensibili - 400 ml,"12,22 € / L","4,89€",Cura persona,Trattamento viso e corpo
L'Oréal Paris Revitalift Laser X3 Crema-Maschera Anti-Età Notte 50 ml,"342,00 € / L","17,10€",Cura persona,Trattamento viso e corpo
L'Oréal Paris Revitalift Trattamento Giorno Anti-Rughe   Extra-Rassodante 50 ml,"218,00 € / L","10,90€",Cura persona,Trattamento viso e corpo
L'Oréal Paris Revitalift Trattamento Ricco Notte Anti-Rughe   Extra-Rassodante 50 ml,"218,00 € / L","10,90€",Cura persona,Trattamento viso e corpo
"L'Oréal Paris Revitalift Viso, Contorni e Collo Trattamento Rimagliante Anti-Rughe Rassodante 50 ml","218,00 € / L","10,90€",Cura persona,Trattamento viso e corpo
"L'Oréal Paris Tripla Attiva Crema Idratante Viso, per Pelli Normali e Miste, 50 ml","112,00 € / L","5,60€",Cura persona,Trattamento viso e corpo
L'Oréal Paris Tripla Attiva Pelli Secche o Sensibili Crema idratante protettiva 50 ml,"112,00 € / L","5,60€",Cura persona,Trattamento viso e corpo
Milmil ecobio Natura Dermo Peel Off Maschera Viso Carbone Vegetale 75 ml,"79,87 € / L","5,99€",Cura persona,Trattamento viso e corpo
Nivea Clean Deeper Gel Scrub Quotidiano 150 ml,"36,60 € / L","5,49€",Cura persona,Trattamento viso e corpo
Nivea Clear-Up Strip Zona T Anti Punti Neri 6 pz,"0,55 € / conf","3,29€",Cura persona,Trattamento viso e corpo
Nivea Crema Giorno Idratante Nutriente 50 ml,"73,80 € / L","3,69€",Cura persona,Trattamento viso e corpo
Nivea Crema Giorno Idratante Rinfrescante 24H Idratazione SPF 15 50 ml,"73,80 € / L","3,69€",Cura persona,Trattamento viso e corpo
Nivea Latte Detergente Idratante 200 ml,"17,45 € / L","3,49€",Cura persona,Trattamento viso e corpo
Nivea MicellAir Skin Breathe Acqua Micellare Extra-Delicata 400 ml,"7,88 € / L","3,15€",Cura persona,Trattamento viso e corpo
Nivea Q10 Anti-Rughe Power Crema Notte Rimpolpante 50 ml,"137,80 € / L","6,89€",Cura persona,Trattamento viso e corpo
Nivea Q10 Energy Anti-Rughe   Energizzante Crema Giorno SPF 15 50 ml,"138,00 € / L","6,90€",Cura persona,Trattamento viso e corpo
Nivea Q10 Power Anti-Rughe   Rassoda & Tonifica Crema Giorno SPF15 50 ml,"147,00 € / L","7,35€",Cura persona,Trattamento viso e corpo
Nivea Vital Anti-Rughe Crema Giorno Rivitalizzante Pelli Mature 50 ml,"153,00 € / L","7,65€",Cura persona,Trattamento viso e corpo
Venus L'Originale Crema da Giorno Idratante Protettiva 50 ml,"66,00 € / L","3,30€",Cura persona,Trattamento viso e corpo
Venus Trattamento Rughe Profonde Doppio Lifting Elastina e Collagene 50 mL,"216,00 € / L","10,80€",Cura persona,Trattamento viso e corpo
CR.ARTIGLIO/DIAVOLO D.PIGNACCA 75ml,"90,00 € / L","6,75€",Cura persona,Trattamento viso e corpo
ACETONE UNGHIE 125ml,"5,52 € / L","0,69€",Cura persona,Trattamento viso e corpo
Durex Massage 2in1 Aloe Vera Lenitivo 200 ml,"31,95 € / L","6,39€",Cura persona,Automedicazione e articoli sanitari
FarmaMed Contenitore per Urine con dispositivo di prelievo,"1,99 € / conf","1,99€",Cura persona,Automedicazione e articoli sanitari
Gel Disinfettante Mani 80 ml Parafarmacia Conad,"18,62 € / L","1,49€",Cura persona,Automedicazione e articoli sanitari
Amuchina Gel Xgerm Disinfettante Mani 80 ml,"33,62 € / L","2,69€",Cura persona,Automedicazione e articoli sanitari
Amuchina Soluzione disinfettante concentrata 1000 ml,"6,99 € / L","6,99€",Cura persona,Automedicazione e articoli sanitari
FarmaMed Benda Elasticizzata Formato 4 m x 6 cm 1 pz,"2,50 € / conf","2,50€",Cura persona,Automedicazione e articoli sanitari
FarmaMed Cerotto Aqua No Problem con Protezione Batteriostatica 2 Formati Medium e Large 10 pz,"0,28 € / conf","2,75€",Cura persona,Automedicazione e articoli sanitari
FarmaMed Cerotto Classico 5 Formati Assortiti 40 pz,"0,10 € / conf","3,85€",Cura persona,Automedicazione e articoli sanitari
FarmaMed Cerotto Classico con Protezione Batteriostatica 1 Formato Medium 40 pz,"0,10 € / conf","3,90€",Cura persona,Automedicazione e articoli sanitari
FarmaMed Cerotto Classico con Protezione Batteriostatica 3 Formati Assortiti 50 pz,"0,08 € / conf","3,90€",Cura persona,Automedicazione e articoli sanitari
FarmaMed Cerotto Classico con Protezione Batteriostatica Formato Medium 20 pz,"0,11 € / conf","2,10€",Cura persona,Automedicazione e articoli sanitari
FarmaMed Cerotto Classico Formato Medium 30 pz,"0,10 € / conf","3,00€",Cura persona,Automedicazione e articoli sanitari
FarmaMed Cerotto Elastico con Protezione Batteriostatica 2 Formati Medium e Large 20 pz,"0,13 € / conf","2,65€",Cura persona,Automedicazione e articoli sanitari
FarmaMed Cerotto Emostatico 2 Formati Medium e Large 12 pz,"0,29 € / conf","3,50€",Cura persona,Automedicazione e articoli sanitari
FarmaMed Cerotto Pelli Sensibili con Protezione Batteriostatica 2 Formati Medium e Large 20 pz,"0,12 € / conf","2,40€",Cura persona,Automedicazione e articoli sanitari
FarmaMed Cerotto Pelli Sensibili con Protezione Batteriostatica Formato 10x6 cm 5 pz,"0,50 € / conf","2,50€",Cura persona,Automedicazione e articoli sanitari
FarmaMed Cerotto per Dita con Protezione Batteriostatica 2 Formati 12 pz,"0,27 € / conf","3,30€",Cura persona,Automedicazione e articoli sanitari
FarmaMed Cerotto Trasparente con Batteriostatico 3 Formati Assortiti 24 pz,"0,11 € / conf","2,75€",Cura persona,Automedicazione e articoli sanitari
FarmaMed Cerotto Ustioni e Abrasioni con Protezione Batteriostatica 2 Formati Extralarge 6 pz,"0,60 € / conf","3,60€",Cura persona,Automedicazione e articoli sanitari
FarmaMed Compressa di Garza Idrofila Formato 10 x 10 cm 100 pz,"0,04 € / conf","3,80€",Cura persona,Automedicazione e articoli sanitari
FarmaMed Compressa di Garza Idrofila Formato 18 x 40 cm 6 pz,"0,46 € / conf","2,75€",Cura persona,Automedicazione e articoli sanitari
"FarmaMed Rocchetto Classico Formato 5 m x 2,5 cm 1 pz","3,95 € / conf","3,95€",Cura persona,Automedicazione e articoli sanitari
Lysoform Medical Disinfettante 250 ml,"7,40 € / L","1,85€",Cura persona,Automedicazione e articoli sanitari
Sai Acqua Ossigenata 250 ml,"2,36 € / L","0,59€",Cura persona,Automedicazione e articoli sanitari
Fresh & Clean Milleusi disinfettanti salviettine umidificate 20 pz,"0,09 € / conf","1,89€",Cura persona,Automedicazione e articoli sanitari
GEL IGIENIZZANTE MANI ROIAL 100ML,"21,90 € / Kg","2,19€",Cura persona,Automedicazione e articoli sanitari
MAS CHIR  HYGISUN bimbo  50 PZ,"6,50 € / conf","6,50€",Cura persona,Automedicazione e articoli sanitari
MASCHERINA CHIR.FSG AZZ DM CE 50PZ,"6,50 € / conf","6,50€",Cura persona,Automedicazione e articoli sanitari
MASCHERINA FSG FFP2 BIANC/NER 6PZ,"3,00 € / conf","3,00€",Cura persona,Automedicazione e articoli sanitari
Baby Biscotto Biologico 640 g Conad,"7,27 € / Kg","4,65€",Prima infanzia,Alimentazione
Plasmon il Biscotto 320 g,"11,53 € / Kg","3,69€",Prima infanzia,Alimentazione
Plasmon il Biscotto 720 g,"9,71 € / Kg","6,99€",Prima infanzia,Alimentazione
Plasmon il Biscotto dei bambini -30% di Zuccheri 240 g,"14,96 € / Kg","3,59€",Prima infanzia,Alimentazione
Plasmon Primi Mesi Biscottino Biberon 600 g,"11,15 € / Kg","6,69€",Prima infanzia,Alimentazione
Plasmon Primi Mesi Biscottino Granulato senza glutine 2 x 374 g,"9,69 € / Kg","7,25€",Prima infanzia,Alimentazione
Baby 100% Frutta Mista Biologica 90 g Conad,"7,67 € / Kg","0,69€",Prima infanzia,Alimentazione
Baby 100% Pera Biologica 90 g Conad,"7,67 € / Kg","0,69€",Prima infanzia,Alimentazione
Baby Merenda Pera e Yogurt Biologico Omogeneizzato 2 x 125 g Conad,"5,96 € / Kg","1,49€",Prima infanzia,Alimentazione
"Mela banana biscotto Biologico 125 g x 2Baby Merenda Mela, Banana e Biscotto Biologico Omogeneizzato 2 x 125 g Conad","5,96 € / Kg","1,49€",Prima infanzia,Alimentazione
Mellin Primo Sugo Ragù di Vitello 2 x 80 g,"9,06 € / Kg","1,45€",Prima infanzia,Alimentazione
Plasmon 100% Frutta Mela 100 g,"10,90 € / Kg","1,09€",Prima infanzia,Alimentazione
Plasmon 100% Frutta Mela e Fragola 100 g,"10,90 € / Kg","1,09€",Prima infanzia,Alimentazione
Plasmon i Paff Lenticchie e Patate Dolci 15 g,"79,33 € / Kg","1,19€",Prima infanzia,Alimentazione
Plasmon i Paff Zucca e Carota 15 g,"79,33 € / Kg","1,19€",Prima infanzia,Alimentazione
Plasmon la Merenda dei bambini Latte e Biscotto 2 x 120 g,"7,71 € / Kg","1,85€",Prima infanzia,Alimentazione
Plasmon Olio Extra Vergine di Oliva 250 ml,"20,20 € / L","5,05€",Prima infanzia,Alimentazione
Plasmon Omogeneizzato con fermenti lattici pastorizzati Mela e Yogurt 2 x 120 g,"6,63 € / Kg","1,59€",Prima infanzia,Alimentazione
"Plasmon Spremi, Gusta e Riciclami 100% Frutta Mista 100 g","10,90 € / Kg","1,09€",Prima infanzia,Alimentazione
"Plasmon Spremi, Gusta e Riciclami 100% Pera 100 g","10,90 € / Kg","1,09€",Prima infanzia,Alimentazione
Plasmon Yogurt* Biscotto Omogeneizzato con Fermenti Lattici Pastorizzati 2 x 120 g,"6,63 € / Kg","1,59€",Prima infanzia,Alimentazione
Baby Crema di Cereali con Cereali Integrali Biologica 200 g Conad,"9,25 € / Kg","1,85€",Prima infanzia,Alimentazione
Baby Crema di Cereali Riso Biologica 200 g Conad,"9,25 € / Kg","1,85€",Prima infanzia,Alimentazione
"Baby Crema Riso, Mais e Tapioca Biologica 200 g Conad","9,25 € / Kg","1,85€",Prima infanzia,Alimentazione
Mellin Crema Mais e Tapioca 200 g,"10,75 € / Kg","2,15€",Prima infanzia,Alimentazione
Mellin Crema Multicereali 200 g,"10,75 € / Kg","2,15€",Prima infanzia,Alimentazione
Mellin Semolino 200 g,"10,75 € / Kg","2,15€",Prima infanzia,Alimentazione
Mellin Camomilla estratto granulare 200 g,"20,95 € / Kg","4,19€",Prima infanzia,Alimentazione
Baby Latte crescita 3 500 ml Conad,"1,88 € / L","0,94€",Prima infanzia,Alimentazione
Aptamil Nutribiotik 1 Latte per Lattanti 500 ml,"5,50 € / L","2,75€",Prima infanzia,Alimentazione
APTAMIL Nutribiotik 3 Latte di Crescita 1L,"2,19 € / L","2,19€",Prima infanzia,Alimentazione
APTAMIL Nutrobiotik 1 Latte di Partenza in Polvere 830 g,"25,18 € / Kg","20,90€",Prima infanzia,Alimentazione
Humana 1 Latte per lattanti 470 ml,"5,72 € / L","2,69€",Prima infanzia,Alimentazione
Humana 1 Latte per lattanti 800 g,"24,94 € / Kg","19,95€",Prima infanzia,Alimentazione
Humana Probalance Piccoli Eroi 3 Latte di crescita 470 ml,"2,66 € / Kg","1,25€",Prima infanzia,Alimentazione
MELLIN 1 - Latte di Partenza Liquido per Lattanti dalla nascita al 6° mese compiuto 4x500ml,"4,50 € / L","8,99€",Prima infanzia,Alimentazione
MELLIN 3 - Latte di Crescita Liquido per Bambini da 1 a 2 anni 1L,"2,09 € / L","2,09€",Prima infanzia,Alimentazione
MELLIN 3 Latte di Crescita in polvere 2 x 400 g,"12,24 € / Kg","9,79€",Prima infanzia,Alimentazione
MELLIN 4 - Latte di Crescita in Polvere per Bambini da 2 a 3 anni 800g,"12,24 € / Kg","9,79€",Prima infanzia,Alimentazione
Plasmon Latte per Lattanti nutri Uno 1 500 ml,"5,00 € / L","2,50€",Prima infanzia,Alimentazione
Mellin Brodo con carne di pollo 10 bustine monodose 50 g,"55,80 € / Kg","2,79€",Prima infanzia,Alimentazione
Plasmon	Verdure Cremose Vellutata di Carote e Zucca	180 g,"8,28 € / Kg","1,49€",Prima infanzia,Alimentazione
Plasmon Verdure Cremose Vellutata di Zucchine e Piselli 180 g,"8,28 € / Kg","1,49€",Prima infanzia,Alimentazione
Baby Agnello con Verdure Biologico Omogeneizzato con Carne 2 x 80 g Conad,"12,44 € / Kg","1,99€",Prima infanzia,Alimentazione
Baby Banana Biologico Omogeneizzato 2 x 125 g Conad,"5,80 € / Kg","1,45€",Prima infanzia,Alimentazione
Baby Formaggino Biologico Omogeneizzato 2 x 80 g Conad,"12,44 € / Kg","1,99€",Prima infanzia,Alimentazione
Baby Frutta Mista Biologico Omogeneizzato 2 x 125 g Conad,"5,80 € / Kg","1,45€",Prima infanzia,Alimentazione
Baby Manzo Biologico Omogeneizzato con Carne 2 x 80 g Conad,"12,44 € / Kg","1,99€",Prima infanzia,Alimentazione
Baby Mela Biologico Omogeneizzato 2 x 125 g Conad,"5,80 € / Kg","1,45€",Prima infanzia,Alimentazione
Baby Merluzzo con Patate e Carote Omogeneizzato 2 x 80 g Conad,"12,44 € / Kg","1,99€",Prima infanzia,Alimentazione
Baby Pera Biologico Omogeneizzato 2 x 125 g Conad,"5,80 € / Kg","1,45€",Prima infanzia,Alimentazione
Baby Pollo Biologico Omogeneizzato con Carne 2 x 80 g Conad,"12,44 € / Kg","1,99€",Prima infanzia,Alimentazione
Baby Prosciutto* Biologico Omogeneizzato con Carne 2 x 80 g Conad,"12,44 € / Kg","1,99€",Prima infanzia,Alimentazione
Baby Prugna Mela Biologico Omogeneizzato 2 x 125 g Conad,"5,80 € / Kg","1,45€",Prima infanzia,Alimentazione
Baby Salmone con Verdure Omogeneizzato 2 x 80 g Conad,"12,44 € / Kg","1,99€",Prima infanzia,Alimentazione
Baby Tacchino Biologico Omogeneizzato con Carne 2 x 80 g Conad,"12,44 € / Kg","1,99€",Prima infanzia,Alimentazione
Baby Verdure Miste Biologico Omogeneizzato 2 x 80 g Conad,"9,31 € / Kg","1,49€",Prima infanzia,Alimentazione
Baby Vitello Biologico Omogeneizzato con Carne 2 x 80 g Conad,"12,44 € / Kg","1,99€",Prima infanzia,Alimentazione
Omogeneizzato Pollo e Vitello Biologico 80 g x 2 Conad,"12,44 € / Kg","1,99€",Prima infanzia,Alimentazione
Mellin Banana Kiwi 100% Naturale Omogeneizzato 2 x 100 g,5.9 € / Kg,"0,95€",Prima infanzia,Alimentazione
Mellin Frutta Mista 100% Naturale Omogeneizzato 2 x 100 g,5.9 € / Kg,"0,95€",Prima infanzia,Alimentazione
Mellin Manzo 100% Naturale Omogeneizzato 2 x 80 g,"12,44 € / Kg","1,99€",Prima infanzia,Alimentazione
Mellin Mela 100% Naturale Omogeneizzato 2 x 100 g,5.9 € / Kg,"0,95€",Prima infanzia,Alimentazione
Mellin Mela Mirtilli 100% Naturale Omogeneizzato 2 x 100 g,5.9 € / Kg,"0,95€",Prima infanzia,Alimentazione
Mellin Pera 100% Naturale Omogeneizzato 2 x 100 g,5.9 € / Kg,"0,95€",Prima infanzia,Alimentazione
Mellin Pesca con Mela 100% Naturale Omogeneizzato 2 x 100 g,5.9 € / Kg,"0,95€",Prima infanzia,Alimentazione
Mellin Pollo 100% Naturale Omogeneizzato 2 x 80 g,"12,44 € / Kg","1,99€",Prima infanzia,Alimentazione
Mellin Prugna con Mela 100% Naturale Omogeneizzato 2 x 100 g,5.9 € / Kg,"0,95€",Prima infanzia,Alimentazione
Mellin Vitello 100% Naturale Omogeneizzato 2 x 80 g,"12,44 € / Kg","1,99€",Prima infanzia,Alimentazione
Mellin Carote 100% Naturale Omogeneizzato 2 x 80 g,"7,44 € / Kg","1,19€",Prima infanzia,Alimentazione
Mellin Cavallo e Patate 100% Naturale Omogeneizzato 2 x 80 g,"12,44 € / Kg","1,99€",Prima infanzia,Alimentazione
Mellin Orata e Verdure 100% Naturale Omogeneizzato 2 x 80 g,"12,44 € / Kg","1,99€",Prima infanzia,Alimentazione
Mellin Platessa e Verdure 100% Naturale Omogeneizzato 2 x 80 g,"12,44 € / Kg","1,99€",Prima infanzia,Alimentazione
Mellin Primi Legumi 100% Naturale Omogeneizzato 2 x 80 g,"7,44 € / Kg","1,19€",Prima infanzia,Alimentazione
Mellin Verdure Miste 100% Naturale Omogeneizzato 2 x 80 g,"7,44 € / Kg","1,19€",Prima infanzia,Alimentazione
Mellin Zucchine 100% Naturale Omogeneizzato 2 x 80 g,"7,44 € / Kg","1,19€",Prima infanzia,Alimentazione
Plasmon 4 Frutti Omogeneizzato 2 x 104 g,"9,57 € / Kg","1,99€",Prima infanzia,Alimentazione
Plasmon Banana Mela Omogeneizzato 2 x 104 g,"9,57 € / Kg","1,99€",Prima infanzia,Alimentazione
Plasmon la Frutta dei bambini Frutta Mista Omogeneizzato 4 x 100 g,"7,48 € / Kg","2,99€",Prima infanzia,Alimentazione
Plasmon la Frutta dei bambini Mela Banana Omogeneizzato 4 x 100 g,"7,48 € / Kg","2,99€",Prima infanzia,Alimentazione
Plasmon la Frutta dei bambini Mela Omogeneizzato 4 x 100 g,"7,48 € / Kg","2,99€",Prima infanzia,Alimentazione
Plasmon la Frutta dei bambini Pera Omogeneizzato 4 x 100 g,"7,48 € / Kg","2,99€",Prima infanzia,Alimentazione
Plasmon Legumi Verdi Omogeneizzato con Legumi e Verdure 2 x 80 g,"12,81 € / Kg","2,05€",Prima infanzia,Alimentazione
Plasmon Mela Albicocca Omogeneizzato 2 x 104 g,"9,57 € / Kg","1,99€",Prima infanzia,Alimentazione
Plasmon Omogeneizzato Agnello con cereale 2 x 80 g,"18,69 € / Kg","2,99€",Prima infanzia,Alimentazione
Plasmon Omogeneizzato Ceci con zucca 2 x 80 g,"12,81 € / Kg","2,05€",Prima infanzia,Alimentazione
Plasmon Omogeneizzato Coniglio con cereale 2 x 80 g,"18,69 € / Kg","2,99€",Prima infanzia,Alimentazione
Plasmon Omogeneizzato Formaggino fuso 2 x 80 g,"15,56 € / Kg","2,49€",Prima infanzia,Alimentazione
Plasmon Omogeneizzato Lenticchie con carote 2 x 80 g,"12,81 € / Kg","2,05€",Prima infanzia,Alimentazione
Plasmon Omogeneizzato Manzo con cereale 2 x 80 g,"18,69 € / Kg","2,99€",Prima infanzia,Alimentazione
Plasmon Omogeneizzato Mela 2 x 104 g,"9,57 € / Kg","1,99€",Prima infanzia,Alimentazione
Plasmon Omogeneizzato Pollo con cereale 2 x 80 g,"18,69 € / Kg","2,99€",Prima infanzia,Alimentazione
Plasmon Omogeneizzato Pollo e Vitello con cereale 2 x 80 g,"18,69 € / Kg","2,99€",Prima infanzia,Alimentazione
Plasmon Omogeneizzato Prosciutto* con cereale 2 x 80 g,"18,69 € / Kg","2,99€",Prima infanzia,Alimentazione
Plasmon Omogeneizzato Salmone con patate 2 x 80 g,"14,31 € / Kg","2,29€",Prima infanzia,Alimentazione
Plasmon Omogeneizzato Spigola con patate 2 x 80 g,"14,31 € / Kg","2,29€",Prima infanzia,Alimentazione
Plasmon Omogeneizzato Tacchino con cereale 2 x 80 g,"18,69 € / Kg","2,99€",Prima infanzia,Alimentazione
Plasmon Omogeneizzato Trota con patate 2 x 80 g,"14,31 € / Kg","2,29€",Prima infanzia,Alimentazione
Plasmon Omogeneizzato Vitello con cereale 2 x 80 g,"18,69 € / Kg","2,99€",Prima infanzia,Alimentazione
Plasmon Omogeneizzato Vitello Prosciutto* con cereale 2 x 80 g,"18,69 € / Kg","2,99€",Prima infanzia,Alimentazione
Plasmon Pera Omogeneizzato 2 x 104 g,"9,57 € / Kg","1,99€",Prima infanzia,Alimentazione
Plasmon Prugna Omogeneizzato 2 x 104 g,"9,57 € / Kg","1,99€",Prima infanzia,Alimentazione
Baby Anellini Pastina Biologica 340 g Conad,"3,50 € / Kg","1,19€",Prima infanzia,Alimentazione
Baby Gemmine Pastina Biologica 340 g Conad,"3,50 € / Kg","1,19€",Prima infanzia,Alimentazione
Baby Stelline Pastina Biologica 340 g Conad,"3,50 € / Kg","1,19€",Prima infanzia,Alimentazione
Mellin ChiccoRis 320 g,"4,66 € / Kg","1,49€",Prima infanzia,Alimentazione
Plasmon la Pastina Fili d'Angelo 340 g,"6,32 € / Kg","2,15€",Prima infanzia,Alimentazione
Plasmon la Pastina Gemmine 340 g,"6,32 € / Kg","2,15€",Prima infanzia,Alimentazione
Plasmon la Pastina maccheroncini 340 g,"6,32 € / Kg","2,15€",Prima infanzia,Alimentazione
Plasmon la Pastina Stelline 340 g,"6,32 € / Kg","2,15€",Prima infanzia,Alimentazione
Plasmon	Verdure Cremose Passato dell'Orto 180 g,"8,28 € / Kg","1,49€",Prima infanzia,Alimentazione
Baby Telo Igienico Multiuso 60x60 cm 10 pz Conad,"3,29 € / conf","3,29€",Prima infanzia,Cura e igiene
Baby Bastoncini di Cotone 56 pz Conad,"1,09 € / conf","1,09€",Prima infanzia,Cura e igiene
Baby Crema Liquida Detergente 200 ml Conad,"9,95 € / L","1,99€",Prima infanzia,Cura e igiene
Baby Natural Bagnetto Corpo Capelli Ultradelicato 1000 ml Conad,"5,39 € / L","5,39€",Prima infanzia,Cura e igiene
Baby Olio Idratante 300 ml Conad,"8,63 € / L","2,59€",Prima infanzia,Cura e igiene
Baby Pasta Alta Protezione 100 ml Conad,"24,90 € / L","2,49€",Prima infanzia,Cura e igiene
Baby Shampoo Delicato 200 ml Conad,"6,75 € / L","1,35€",Prima infanzia,Cura e igiene
Bagno Rilassante 500 ml Conad,"4,78 € / L","2,39€",Prima infanzia,Cura e igiene
Natural Bagnetto Corpo Capelli Ultradelicato 250 ml Conad Baby,"8,76 € / L","2,19€",Prima infanzia,Cura e igiene
Natural Pasta Protettiva Ultradelicata 100 ml Conad Baby,"29,90 € / L","2,99€",Prima infanzia,Cura e igiene
Johnson's baby olio 300 ml,"9,63 € / L","2,89€",Prima infanzia,Cura e igiene
"JOHNSON'S Baby, Bagno detergente, Dolci Notti, per Bambini, 500ml","4,09 € / conf","4,09€",Prima infanzia,Cura e igiene
Baby Pannolini Extra Large 6 15/30 kg 20 20 pezzi Conad,"7,74 € / conf","7,74€",Prima infanzia,Cura e igiene
Baby Pannolini Junior 5 11/25 kg 24   24 pezzi Conad,"7,74 € / conf","7,74€",Prima infanzia,Cura e igiene
Baby Pannolini Junior 5 11/25 kg 24 pezzi Conad,"4,55 € / conf","4,55€",Prima infanzia,Cura e igiene
Baby Pannolini Maxi 4 7/18 kg 28 pezzi Conad,"4,55 € / conf","4,55€",Prima infanzia,Cura e igiene
Baby Pannolini Maxi 4 7/18kg 28   28 pezzi Conad,"7,74 € / conf","7,74€",Prima infanzia,Cura e igiene
Baby Pannolini Mini 2 3/6 kg 30 Pezzi Conad,"4,55 € / conf","4,55€",Prima infanzia,Cura e igiene
Baby Pannolini Newborn 1 2/5 kg 28 pezzi Conad,"4,55 € / conf","4,55€",Prima infanzia,Cura e igiene
Pannolini Extralarge 15-30 kg taglia 6  20 pz Conad,"4,55 € / conf","4,55€",Prima infanzia,Cura e igiene
Pannolini Midi 4-9 kg taglia 3 30 pz Conad,"4,55 € / conf","4,55€",Prima infanzia,Cura e igiene
Huggies DryNites Mutandine assorbenti per la notte Boy - Age 4-7 - Kg 17-30 -10 pz,"0,70 € / conf","6,99€",Prima infanzia,Cura e igiene
Huggies DryNites Mutandine assorbenti per la notte Boy - Age 8-15 - Kg 27-57 - 9 pz,"0,78 € / conf","6,99€",Prima infanzia,Cura e igiene
Huggies DryNites Mutandine assorbenti per la notte Girl - Age 4-7 - Kg 17-30 -10 pz,"0,70 € / conf","6,99€",Prima infanzia,Cura e igiene
Pampers Baby-dry Junior 22 pz,"0,43 € / conf","9,39€",Prima infanzia,Cura e igiene
Pampers Progressi Newborn x28,"0,30 € / conf","8,29€",Prima infanzia,Cura e igiene
Baby Natural Salviettine Ultradelicate 72 pz Conad,"1,95 € / conf","1,95€",Prima infanzia,Cura e igiene
Baby Salviettine Detergenti Delicate 72 pz Conad,"1,59 € / conf","1,59€",Prima infanzia,Cura e igiene
Baby Salviettine Detergenti Idratanti 144 pz Conad,"3,15 € / conf","3,15€",Prima infanzia,Cura e igiene
Baby Salviettine Detergenti Idratanti 20 pz Conad,"0,85 € / conf","0,85€",Prima infanzia,Cura e igiene
Baby Salviettine Detergenti Idratanti 72 pz Conad,"1,59 € / conf","1,59€",Prima infanzia,Cura e igiene
Fresh & Clean baby comfort Salviettine 72 pz,0.0 € / conf,"1,74€",Prima infanzia,Cura e igiene
Fria Baby Sensation 70 pz,"0,04 € / conf","2,69€",Prima infanzia,Cura e igiene
Pampers Baby-dry Fresh Salviette 70 pz,"0,05 € / conf","3,79€",Prima infanzia,Cura e igiene
Pampers Progressi Salviette 126 pz,"0,04 € / conf","4,49€",Prima infanzia,Cura e igiene
Biscotti Assortiti 3 varianti di gusto: Manzo - Tacchino - Agnello 500 g Petfriends Conad,"3,90 € / Kg","1,95€",Animali domestici,Cibo per cani
Biscotti Ripieni 500 g Petfriends Conad,"3,98 € / Kg","1,99€",Animali domestici,Cibo per cani
Bocconi con Manzo 1250 g Conad,"1,35 € / Kg","1,69€",Animali domestici,Cibo per cani
Bocconi con Manzo 405 g Conad,"1,70 € / Kg","0,69€",Animali domestici,Cibo per cani
Bocconi con Pollo e Tacchino 1250 g Conad,"1,35 € / Kg","1,69€",Animali domestici,Cibo per cani
Bocconi con Pollo e Tacchino 405 g Conad,"1,70 € / Kg","0,69€",Animali domestici,Cibo per cani
"Junior per Cuccioli oltre le 6 settimane con Pollo & Riso 1,5 kg Petfriends Conad","2,33 € / Kg","3,49€",Animali domestici,Cibo per cani
Medio/Grande Cani Adulti oltre 10 kg con Pollo & Riso 3 kg Petfriends Conad,"1,83 € / Kg","5,49€",Animali domestici,Cibo per cani
"Mini Cani Adulti da 1 a 10 kg - Crocchette con Pollo & Riso 1,5 kg Petfriends Conad","2,13 € / Kg","3,19€",Animali domestici,Cibo per cani
Patè con Agnello & Pollo Cani di Taglia Media e Grande 300 g Petfriends Conad,"3,67 € / Kg","1,10€",Animali domestici,Cibo per cani
Patè con Manzo & Pollo Cani di Piccola Taglia 150 g Petfriends Conad,"5,00 € / Kg","0,75€",Animali domestici,Cibo per cani
Patè con Manzo & Pollo Cani di Taglia Media e Grande 300 g Petfriends Conad,"3,67 € / Kg","1,10€",Animali domestici,Cibo per cani
Patè con Manzo & Verdure Cani di Piccola Taglia 150 g Petfriends Conad,"5,00 € / Kg","0,75€",Animali domestici,Cibo per cani
Patè con Pollo & Vitello Cani di Piccola Taglia 150 g Petfriends Conad,"5,00 € / Kg","0,75€",Animali domestici,Cibo per cani
"Petfriends Plus Junior oltre 6 settimane fino a 12 mesi con pollo e riso 1,5 kg Conad","3,19 € / Kg","4,79€",Animali domestici,Cibo per cani
Petfriends Plus Taglia Medium e Maxi cani adulti da 10 kg in poi con agnello e riso 3 kg Conad,"2,90 € / Kg","8,69€",Animali domestici,Cibo per cani
Petfriends Plus Taglia Medium e Maxi cani adulti da 10 kg in poi con pollo e riso 3 kg Conad,"2,90 € / Kg","8,69€",Animali domestici,Cibo per cani
"Petfriends Plus Taglia Mini cani adulti da 1 a 10 kg con pollo e riso 1,5 kg Conad","3,19 € / Kg","4,79€",Animali domestici,Cibo per cani
"Petfriends Plus Taglia Mini cani adulti da 1 a 10 kg con salmone e riso 1,5 kg Conad","3,19 € / Kg","4,79€",Animali domestici,Cibo per cani
"Sfilaccetti al Vapore 2 con Manzo & Verdure, 2 con Pollo & Verdure 4 x 100 g Petfriends Conad","4,22 € / Kg","1,69€",Animali domestici,Cibo per cani
"Sfilaccetti al Vapore 2 con Tacchino & Verdure, 2 con  Merluzzo & Verdure 4 x 100 g Petfriends Conad","4,22 € / Kg","1,69€",Animali domestici,Cibo per cani
Snack con Manzo 5 x 11 g Petfriends Conad,"23,45 € / Kg","1,29€",Animali domestici,Cibo per cani
Snack con Pollo 5 x 11 g Petfriends Conad,"23,45 € / Kg","1,29€",Animali domestici,Cibo per cani
Stick per l'igiene dentale Taglia media 10/25kg - 7 pezzi 180g Petfriends Conad,"7,72 € / Kg","1,39€",Animali domestici,Cibo per cani
Stick per l'Igiene Dentale Taglia Piccola 5/10kg 7 pezzi 110 g Petfriends Conad,"12,64 € / Kg","1,39€",Animali domestici,Cibo per cani
PURINA ONE MINI <10kg Cane Crocchette Adult Ricco in Manzo con Riso Sacco 800g,5.0 € / Kg,"2,79€",Animali domestici,Cibo per cani
PURINA ONE Mini/Small Active Ricco in Pollo con Riso 800g,5.0 € / Kg,"2,79€",Animali domestici,Cibo per cani
PURINA ONE Mini/Small Delicate Ricco in Salmone con Riso 800g,5.0 € / Kg,"2,79€",Animali domestici,Cibo per cani
"PURINA ONE Mini/Small Dental Ricco in Pollo, con Riso 800 g",5.0 € / Kg,"2,79€",Animali domestici,Cibo per cani
ADoC Day By Day per Cani di taglia piccola con Pollo e Coniglio 100 g,"6,90 € / Kg","0,69€",Animali domestici,Cibo per cani
ADoC Day by Day per Cani di taglia piccola con Vitello e Ortaggi 100 g,"6,90 € / Kg","0,69€",Animali domestici,Cibo per cani
ADoC Naturally Premium Filetti di Pollo con Anatra 170 g,"10,53 € / Kg","1,79€",Animali domestici,Cibo per cani
ADoC Naturally Premium Filetti Pollo 170 g,"10,53 € / Kg","1,79€",Animali domestici,Cibo per cani
Almo nature Daily Adult Dog con Agnello e Patate 100 g,"6,90 € / Kg","0,69€",Animali domestici,Cibo per cani
Almo nature Daily Adult Dog con Pollo e Piselli 300 g,"4,97 € / Kg","1,49€",Animali domestici,Cibo per cani
Almo nature Daily Adult Dog con Tacchino e Zucchine 100 g,"6,90 € / Kg","0,69€",Animali domestici,Cibo per cani
Almo nature Daily Adult Dog con Vitello e Carote 100 g,"6,90 € / Kg","0,69€",Animali domestici,Cibo per cani
Almo nature Daily Adult Dog con Vitello e Carote 300 g,"4,97 € / Kg","1,49€",Animali domestici,Cibo per cani
Almo nature HFC Natural Filetto di Pollo 95 g,"14,63 € / Kg","1,39€",Animali domestici,Cibo per cani
Almo nature HFC Natural Vitello con Prosciutto 95 g,"14,63 € / Kg","1,39€",Animali domestici,Cibo per cani
Cesar con Pollo e Verdure in Salsa 100 g,"9,00 € / Kg","0,90€",Animali domestici,Cibo per cani
Cesar Junior Cibo Umido Cane in Vaschetta con Tenero Tacchino e Vitello 150 g,"7,93 € / Kg","1,19€",Animali domestici,Cibo per cani
Cesar Ricette Classiche Cibo Umido Cane in Vaschetta con Manzo Succulento e Pollo 150 g,"7,93 € / Kg","1,19€",Animali domestici,Cibo per cani
Cesar Ricette Classiche Cibo Umido Cane in Vaschetta con Tenero Vitello e Pollo 150 g,"7,93 € / Kg","1,19€",Animali domestici,Cibo per cani
"Cesar Ricette di Campagna Cibo Umido Cane in Vaschetta con Pollo, Verdurine e Prezzemolo 150 g","7,93 € / Kg","1,19€",Animali domestici,Cibo per cani
"Cesar Selezione dell'Orto Cibo Umido Cane in Vaschetta con Selvaggina, Pollo e Verdurine 150 g","7,93 € / Kg","1,19€",Animali domestici,Cibo per cani
"Cesar Selezioni dell'Orto Cibo Umido Cane con Tacchino, Cuore di Verdure e Mix di Riso 150 g","7,93 € / Kg","1,19€",Animali domestici,Cibo per cani
Cesar Selezioni dell'Orto Cibo Umido Cane in Vaschetta con Manzo e Cuore di Verdure dell'Orto 150 g,"7,93 € / Kg","1,19€",Animali domestici,Cibo per cani
Cesar Selezioni dell'Orto Cibo Umido Cane in Vaschetta con Manzo e Verdure dell'Orto 150 g,"7,93 € / Kg","1,19€",Animali domestici,Cibo per cani
Cesar Selezioni dell'Orto Cibo Umido Cane in Vaschetta con Pollo e Cuore di Verdure dell'Orto 150 g,"7,93 € / Kg","1,19€",Animali domestici,Cibo per cani
"Cesar Selezioni dell'Orto Cibo Umido Cane in Vaschetta con Pollo, Carote ed Erbe di Provenza 150 g","7,93 € / Kg","1,19€",Animali domestici,Cibo per cani
Pedigree Biscrok Original 500 g,"5,18 € / Kg","2,59€",Animali domestici,Cibo per cani
Pedigree Dentastix Chewy Chunx Gusto Pollo 15kg  68 g,"26,32 € / Kg","1,79€",Animali domestici,Cibo per cani
Pedigree Dentastix Chewy Chunx Snack Cane Gusto Pollo 5-15kg 68 g,"26,32 € / Kg","1,79€",Animali domestici,Cibo per cani
Pedigree DentaStix Daily Oral Care* 10-25 kg 28 Pezzi 4 x 180 g,"13,04 € / Kg","9,39€",Animali domestici,Cibo per cani
Pedigree DentaStix Daily Oral Care* 10-25 kg 7 Pezzi 180 g,"14,72 € / Kg","2,65€",Animali domestici,Cibo per cani
Pedigree DentaStix Daily Oral Care* 25 kg  28 Pezzi 4 x 270 g,"9,90 € / Kg","10,69€",Animali domestici,Cibo per cani
Pedigree DentaStix Daily Oral Care* 25 kg  7 Pezzi 270 g,"10,56 € / Kg","2,85€",Animali domestici,Cibo per cani
Pedigree DentaStix Daily Oral Care* 5-10 kg 28 Pezzi 4 x 110 g,"18,16 € / Kg","7,99€",Animali domestici,Cibo per cani
Pedigree DentaStix Daily Oral Care* 5-10 kg 7 Pezzi 110 g,"20,82 € / Kg","2,29€",Animali domestici,Cibo per cani
Pedigree Markies Biscotti Cane 500 g,"5,78 € / Kg","2,89€",Animali domestici,Cibo per cani
Pedigree Rodeo Ropper x4 con Manzo 70 g,"21,29 € / Kg","1,49€",Animali domestici,Cibo per cani
Pedigree Wrap Snack Cane 40 g,"56,25 € / Kg","2,25€",Animali domestici,Cibo per cani
PURINA ADVENTUROS Cane Strips Snack Cane al gusto cervo Busta 90 g,"13,89 € / Kg","1,25€",Animali domestici,Cibo per cani
"PURINA ADVENTUROS High Meat, Ancient Grain & Superfood Bufalo 120 g","21,25 € / Kg","2,55€",Animali domestici,Cibo per cani
"PURINA ADVENTUROS High Meat, Ancient Grain & Superfood Cervo 120 g","21,25 € / Kg","2,55€",Animali domestici,Cibo per cani
PURINA ADVENTUROS Wild Medium 200g,"12,75 € / Kg","2,55€",Animali domestici,Cibo per cani
PURINA ADVENTUROS Wild Small 150g,"17,00 € / Kg","2,55€",Animali domestici,Cibo per cani
PURINA DENTALIFE Cane Snack per l'igiene orale Taglia Medium busta 5 stick 115g,"11,30 € / Kg","1,30€",Animali domestici,Cibo per cani
PURINA DENTALIFE Cane Snack per l'igiene orale Taglia Small busta 7 stick 115g,"11,30 € / Kg","1,30€",Animali domestici,Cibo per cani
PURINA FRISKIES B-Steaks snack cane - busta 150g,"10,60 € / Kg","1,59€",Animali domestici,Cibo per cani
PURINA FRISKIES Bon Bacon snack cane al gusto di Bacon - busta 120g,"16,58 € / Kg","1,99€",Animali domestici,Cibo per cani
PURINA FRISKIES Cane Active con Manzo 4 kg,"2,48 € / Kg","9,90€",Animali domestici,Cibo per cani
"PURINA FRISKIES Cane Junior Con Pollo e Verdure e con Latte 1,5 Kg","3,53 € / Kg","5,29€",Animali domestici,Cibo per cani
"PURINA FRISKIES Cane Mini Menu Nutrisoft Con Manzo 1,4 kg","3,56 € / Kg","4,99€",Animali domestici,Cibo per cani
"PURINA FRISKIES Cane MiniMenù Con pollo e verdure 1,5 Kg","3,59 € / Kg","5,39€",Animali domestici,Cibo per cani
"PURINA FRISKIES Cane Nutrisoft Con Manzo 1,5 Kg","3,33 € / Kg","4,99€",Animali domestici,Cibo per cani
PURINA FRISKIES Cookies Biscotti Cane aromatizzati con Pollo scatola 500g,"3,98 € / Kg","1,99€",Animali domestici,Cibo per cani
PURINA FRISKIES Picnic Maxi snack cane al gusto manzo - busta  45g,"33,11 € / Kg","1,49€",Animali domestici,Cibo per cani
PURINA FRISKIES Shapes 800 g,"4,61 € / Kg","3,69€",Animali domestici,Cibo per cani
"PURINA ONE Medium/Maxi Active Ricco in Pollo con Riso 2,5 kg","4,00 € / Kg","9,99€",Animali domestici,Cibo per cani
"PURINA ONE Medium/Maxi Adult Ricco in Pollo con Riso 2,5 kg","4,00 € / Kg","9,99€",Animali domestici,Cibo per cani
PURINA ONE MINI CONTROLLO DEL PESO 4x100g Tacchino e Maiale in Salsa,"4,98 € / Kg","1,99€",Animali domestici,Cibo per cani
PURINA ONE MINI<10kg Cane Active Bocconcini in Salsa con Manzo o con Anatra Busta 4x100g,"4,98 € / Kg","1,99€",Animali domestici,Cibo per cani
PURINA ONE MINI<10kg Cane Adult Bocconcini in Salsa con Pollo o con Manzo Busta 4x100g,"4,98 € / Kg","1,99€",Animali domestici,Cibo per cani
PURINA ONE MINI<10kg Cane Delicate Bocconcini in Salsa con Salmone Busta 4x100g,"4,98 € / Kg","1,99€",Animali domestici,Cibo per cani
Special Dog Excellence Adult Medium Bocconcini in salsa cani taglia media Manzo-Selvaggina 4 x 100 g,"5,62 € / Kg","2,25€",Animali domestici,Cibo per cani
Special Dog Excellence Adult Mini Bocconcini in salsa cani di taglia mini Agnello-Coniglio 4 x 100 g,"5,62 € / Kg","2,25€",Animali domestici,Cibo per cani
Special Dog Excellence Adult Patè Monoprotein* Solo Agnello 300 g,"7,83 € / Kg","2,35€",Animali domestici,Cibo per cani
Special Dog Excellence Adult Patè Monoprotein* Solo Pollo 300 g,"7,83 € / Kg","2,35€",Animali domestici,Cibo per cani
Special Dog Excellence Medium Adult Pollo 3 kg,"3,23 € / Kg","9,69€",Animali domestici,Cibo per cani
Special Dog Excellence Mini Adult Pollo 3 kg,"3,60 € / Kg","10,79€",Animali domestici,Cibo per cani
Special Dog Patè con pollo e coniglio 400 g,"2,22 € / Kg","0,89€",Animali domestici,Cibo per cani
Special Dog Patè con Vitello e Ortaggi 400 g,"2,22 € / Kg","0,89€",Animali domestici,Cibo per cani
Ultima Dog Chihuahua 800 g,"3,50 € / Kg","2,80€",Animali domestici,Cibo per cani
"Ultima Dog Medium Maxi  10kg Adulto 1-7 Anni Pollo 2,2 kg","3,98 € / Kg","8,75€",Animali domestici,Cibo per cani
Ultima Dog Mini 1-10 kg Adult 1-8 Anni Pollo 800 g,"3,50 € / Kg","2,80€",Animali domestici,Cibo per cani
Ultima Dog Taglia Piccola Mini <10kg Light Pollo 800 g,"3,50 € / Kg","2,80€",Animali domestici,Cibo per cani
Ultima Yorkshire Terrier Pollo 800 g,"3,50 € / Kg","2,80€",Animali domestici,Cibo per cani
Vitakraft Beef Stick Original   Agnello 12 g,"62,50 € / Kg","0,75€",Animali domestici,Cibo per cani
Vitakraft Beef Stick Original   Manzo 12 g,"62,50 € / Kg","0,75€",Animali domestici,Cibo per cani
Vitakraft Beef Stick Original   Tacchino 12 g,"62,50 € / Kg","0,75€",Animali domestici,Cibo per cani
Vitakraft noshies lecker fleischig 90 g,"38,33 € / Kg","3,45€",Animali domestici,Cibo per cani
Vitakraft Royal bone Gusto manzo L 70 g,"2,68 € / conf","2,68€",Animali domestici,Cibo per cani
Vitakraft Royal bone Gusto manzo M 55 g,"1,99 € / conf","1,99€",Animali domestici,Cibo per cani
Vitakraft Royal bone Gusto manzo S 40 g,"1,80 € / conf","1,80€",Animali domestici,Cibo per cani
Vitakraft Royal bone Gusto manzo XS 4 Pezzi 60 g,"0,75 € / conf","2,99€",Animali domestici,Cibo per cani
Vitakraft Xtra Stripes manzo 20 x 10 g,"12,95 € / Kg","2,59€",Animali domestici,Cibo per cani
BILLY RISO SOFFIATO VITAMINIZ.1Kg,"3,39 € / Kg","3,39€",Animali domestici,Cibo per cani
SALAMOTTO BILLY DOG MANZO 800g,"2,61 € / Kg","2,09€",Animali domestici,Cibo per cani
Bocconcini in Salsa con Manzo & Vitello 100 g Petfriends Conad,4.5 € / Kg,"0,29€",Animali domestici,Cibo per gatti
Bocconcini in Salsa con Pollo & Tacchino 100 g Petfriends Conad,4.5 € / Kg,"0,29€",Animali domestici,Cibo per gatti
Bocconcini in Salsa con Salmone & Trota 100 g Petfriends Conad,4.5 € / Kg,"0,29€",Animali domestici,Cibo per gatti
Petfriends Bocconcini in Salsa con Agnello & Tacchino 100 g Conad,4.5 € / Kg,"0,29€",Animali domestici,Cibo per gatti
Bocconcini con Pollo e Tacchino 405 g Conad,"1,70 € / Kg","0,69€",Animali domestici,Cibo per gatti
"Bocconcini con Salmone, Tonno e Verdure 405 g Conad","1,70 € / Kg","0,69€",Animali domestici,Cibo per gatti
"Bocconcini con Tacchino, Agnello e Verdure 405 g Conad","1,70 € / Kg","0,69€",Animali domestici,Cibo per gatti
"Croccantini con Carni Pollo, Coniglio e Verdure 2 kg Conad","2,12 € / Kg","4,25€",Animali domestici,Cibo per gatti
"Croccantini con Carni Pollo, Coniglio e Verdure 400g Conad","2,72 € / Kg","1,09€",Animali domestici,Cibo per gatti
"Croccantini con Pesce Salmone, Trota e Tonno 2 kg Conad","2,12 € / Kg","4,25€",Animali domestici,Cibo per gatti
"Croccantini con Pesce Salmone, Trota e Tonno 400 g Conad","2,72 € / Kg","1,09€",Animali domestici,Cibo per gatti
"Filettini in Gelatina 2 con Manzo, 2 con Pollo 4 x 100 g Petfriends Conad","4,47 € / Kg","1,79€",Animali domestici,Cibo per gatti
"Filettini in Gelatina 2 con Tonno, 2 con Salmone 4 x 100 g Petfriends Conad","4,47 € / Kg","1,79€",Animali domestici,Cibo per gatti
Patè con manzo 100 g Petfriends Conad,"5,90 € / Kg","0,59€",Animali domestici,Cibo per gatti
Patè con Pollo 100 g Petfriends Conad,"5,90 € / Kg","0,59€",Animali domestici,Cibo per gatti
Patè con Vitello 100 g Petfriends Conad,"5,90 € / Kg","0,59€",Animali domestici,Cibo per gatti
Petfriends Patè con Pesce Azzurro 100 g Conad,"5,90 € / Kg","0,59€",Animali domestici,Cibo per gatti
Petfriends Plus Adult con pollo e riso 800 g Conad,"4,31 € / Kg","3,45€",Animali domestici,Cibo per gatti
Petfriends Plus Adult con salmone e riso 800 g Conad,"4,31 € / Kg","3,45€",Animali domestici,Cibo per gatti
"Petfriends Plus Filettini in Salsa 2 con pollo, 2 con manzo 4 x 85 g Conad","5,85 € / Kg","1,99€",Animali domestici,Cibo per gatti
"Petfriends Plus Filettini in Salsa 2 con salmone, 2 con pesce bianco 4 x 85 g Conad","5,85 € / Kg","1,99€",Animali domestici,Cibo per gatti
"Petfriends Plus Mousse 3 con pollo, 3 con manzo, 3 con pesce azzurro 9 x 85 g Conad","6,73 € / Kg","5,15€",Animali domestici,Cibo per gatti
Petfriends Plus Sterilized con manzo e riso 800 g Conad,"4,31 € / Kg","3,45€",Animali domestici,Cibo per gatti
Petfriends Plus Sterilized con pollo e riso 800 g Conad,"4,31 € / Kg","3,45€",Animali domestici,Cibo per gatti
Petfriends Sterilizzati con Pollo & Tacchino 400 g Conad,"3,72 € / Kg","1,49€",Animali domestici,Cibo per gatti
Plus Dadini in salsa con Coniglio e Fegatini 85 g Petfriends Conad,"6,82 € / Kg","0,58€",Animali domestici,Cibo per gatti
Plus Dadini in salsa con Tacchino e Anatra 85 g Petfriends Conad,"6,82 € / Kg","0,58€",Animali domestici,Cibo per gatti
Plus Dadini in salsa con Tonno e Sogliola 85 g Petfriends Conad,"6,82 € / Kg","0,58€",Animali domestici,Cibo per gatti
Plus Mousse con Manzo 85 g Petfriends Conad,"6,82 € / Kg","0,58€",Animali domestici,Cibo per gatti
Plus Mousse con Pesce Azzurro 85 g Petfriends Conad,"6,82 € / Kg","0,58€",Animali domestici,Cibo per gatti
Plus Mousse con Pollo 85 g Petfriends Conad,"6,82 € / Kg","0,58€",Animali domestici,Cibo per gatti
Snack con Pollo 3 x 5 g Petfriends Conad,"46,00 € / Kg","0,69€",Animali domestici,Cibo per gatti
Snack con Salmone 3 x 5 g Petfriends Conad,"46,00 € / Kg","0,69€",Animali domestici,Cibo per gatti
Sterilizzati con Pollo & Tacchino 2 kg Petfriends Conad,"3,00 € / Kg","5,99€",Animali domestici,Cibo per gatti
Catisfactions con Stuzzicante Formaggio 60 g,24.8 € / Kg,"1,19€",Animali domestici,Cibo per gatti
Catisfactions Snack Gatto con Delizioso Salmone 60 g,24.8 € / Kg,"1,19€",Animali domestici,Cibo per gatti
Gold Gatto Dadini in salsa con Salmone e Pollo lattina 85g Purina Gourmet,8.7 € / Kg,"0,55€",Animali domestici,Cibo per gatti
Gold Gatto Mousse con Manzo lattina 85g Purina Gourmet,8.7 € / Kg,"0,55€",Animali domestici,Cibo per gatti
Gold Gatto Mousse con Pollo lattina 85g Purina Gourmet,8.7 € / Kg,"0,55€",Animali domestici,Cibo per gatti
PURINA GOURMET Gold Dadini in Salsa con Pollo e Fegato 85 g,8.7 € / Kg,"0,55€",Animali domestici,Cibo per gatti
PURINA GOURMET Gold Dadini in Salsa con Tacchino e Anatra 85 g,8.7 € / Kg,"0,55€",Animali domestici,Cibo per gatti
PURINA GOURMET Gold Doppio Piacere con Coniglio e Fegato 85 g,8.7 € / Kg,"0,55€",Animali domestici,Cibo per gatti
Purina Gourmet Gold Gatto Mousse con Pesce dell'oceano lattina 85g,8.7 € / Kg,"0,55€",Animali domestici,Cibo per gatti
ADoC Day by Day per Gatti Adulti Paté con Prosciutto 100 g,"7,00 € / Kg","0,70€",Animali domestici,Cibo per gatti
ADoC Day by Day per Gatti Sterilizzati Paté con Manzo 100 g,"7,00 € / Kg","0,70€",Animali domestici,Cibo per gatti
ADoC Day by Day per Gattini Paté con Tacchino 100 g,"7,00 € / Kg","0,70€",Animali domestici,Cibo per gatti
ADoC Naturally Premium Filetti di Tonnetto con Gamberetti 85 g,"14,00 € / Kg","1,19€",Animali domestici,Cibo per gatti
ADoC Naturally Premium Filetti di Tonnetto con Spigola 85 g,"14,00 € / Kg","1,19€",Animali domestici,Cibo per gatti
ADoC Tonnetto con Prosciutto 85 g,"14,00 € / Kg","1,19€",Animali domestici,Cibo per gatti
Almo nature HFC Natural Filetto di Pollo 70 g,"17,00 € / Kg","1,19€",Animali domestici,Cibo per gatti
Almo nature HFC Natural Tonno dell'Atlantico 70 g,"17,00 € / Kg","1,19€",Animali domestici,Cibo per gatti
Almo nature HFC Natural Tonno e Gamberetti 70 g,"17,00 € / Kg","1,19€",Animali domestici,Cibo per gatti
Almo nature holistic Sterilized Adult Cat con Merluzzo 70 g,"13,14 € / Kg","0,92€",Animali domestici,Cibo per gatti
Almo nature holistic Urinary Help Adult Cat con Pesce 70 g,"13,14 € / Kg","0,92€",Animali domestici,Cibo per gatti
Almo nature holistic Urinary Help Adult Cat con Pollo 70 g,"13,14 € / Kg","0,92€",Animali domestici,Cibo per gatti
FELIX Le Ghiottonerie Selezioni con Verdure in Gelatina (Manzo/Carote & Pollo/Pomodoro) 4 x 85 g,"7,03 € / Kg","2,39€",Animali domestici,Cibo per gatti
FELIX Le Ghiottonerie Selezioni con Verdure in Gelatina (Salmone/Zucchine & Trota/Fagiolini) 4 x 85g,"7,03 € / Kg","2,39€",Animali domestici,Cibo per gatti
FELIX Le Ghiottonerie Selezioni deliziose in Gelatina (Manzo & Pollo) 4 x 85 g,"7,03 € / Kg","2,39€",Animali domestici,Cibo per gatti
FELIX Le Ghiottonerie Selezioni Saporite in Gelatina (Coniglio & Agnello) 4 x 85 g,"7,03 € / Kg","2,39€",Animali domestici,Cibo per gatti
"FELIX Party Mix Snack Original Aromatizzato con Pollo, Fegato e Tacchino 60 g","24,83 € / Kg","1,49€",Animali domestici,Cibo per gatti
"FELIX Party Mix Snacks Mixed Grill Aromatizzato con Manzo, Pollo e Salmone 60 g","24,83 € / Kg","1,49€",Animali domestici,Cibo per gatti
"FELIX Party Mix Snacks Ocean Aromatizzato con Salmone, Merluzzo e Trota 60 g","24,83 € / Kg","1,49€",Animali domestici,Cibo per gatti
FELIX Sensations Jellies Selezioni Deliziose in gelatina (Manzo/Pomodoro & Pollo/Carote) 4 x 85 g,"7,03 € / Kg","2,39€",Animali domestici,Cibo per gatti
"FELIX Sfilaccetti Rustici Selezioni con Pesci (Salmone, Tonno) 4 x 80 g","7,47 € / Kg","2,39€",Animali domestici,Cibo per gatti
"FELIX Soup Original (Merluzzo, Tonno, Platessa) 6 x 48 g","8,65 € / Kg","2,49€",Animali domestici,Cibo per gatti
"Gold Gatto Tortini con Manzo, con Pollo lattina 4x85g Purina Gourmet","8,50 € / Kg","2,89€",Animali domestici,Cibo per gatti
"Gold Gatto Tortini con Salmone, con Tonno lattina 4x85g Purina Gourmet","8,50 € / Kg","2,89€",Animali domestici,Cibo per gatti
Kitekat Con Manzo in Salsa 100 g,"4,90 € / Kg","0,49€",Animali domestici,Cibo per gatti
Kitekat con Salmone in Salsa 100 g,"4,90 € / Kg","0,49€",Animali domestici,Cibo per gatti
Perle Gatto Duetti con Carni Delicate Busta 4x85g Purina Gourmet,"8,79 € / Kg","2,99€",Animali domestici,Cibo per gatti
Perle Gatto Piaceri del Mare Busta 4x85g Purina Gourmet,"8,79 € / Kg","2,99€",Animali domestici,Cibo per gatti
PURINA FELIX Playtubes Snack Gatto al Gusto di Pollo e Fegato busta 50g,"37,00 € / Kg","1,85€",Animali domestici,Cibo per gatti
PURINA FRISKIES Gatto Adult con Tonno e con Verdure 2 Kg,"3,00 € / Kg","5,99€",Animali domestici,Cibo per gatti
PURINA FRISKIES Gatto Adult Con un gustoso mix di Manzo e Pollo e con Verdure 2Kg,"3,00 € / Kg","5,99€",Animali domestici,Cibo per gatti
PURINA FRISKIES Gatto Adult Con un gustoso mix di Manzo e Pollo e con Verdure 400 g,"4,38 € / Kg","1,75€",Animali domestici,Cibo per gatti
PURINA FRISKIES Gatto Adult Con un gustoso mix di Pollo e Tacchino e con Verdure 400 g,"4,38 € / Kg","1,75€",Animali domestici,Cibo per gatti
"Purina Friskies Gatto Junior Con un gustoso mix di Pollo e Tacchino, con Latte e con Verdure 375 g","4,51 € / Kg","1,69€",Animali domestici,Cibo per gatti
Purina Friskies Gatto Sterilizzati Con un gustoso mix di Pollo e Tacchino e con verdure 375 g,"4,51 € / Kg","1,69€",Animali domestici,Cibo per gatti
PURINA GOURMET Diamant in Gelée Fiocchi di Tonno Naturale in Gelée con Orata 85 g,"11,53 € / Kg","0,98€",Animali domestici,Cibo per gatti
PURINA GOURMET Gold Dadini in Salsa Manzo/Salmone & Pollo/Tacchino & Anatra/Pollo & Fegato 8 x 85 g,"8,07 € / Kg","5,49€",Animali domestici,Cibo per gatti
PURINA GOURMET Gold Doppio Piacere Anatra & Tacch/Manzo & Pollo/Pesce Oceano/Coniglio & Fegato 8x85g,"8,07 € / Kg","5,49€",Animali domestici,Cibo per gatti
PURINA GOURMET Gold Mousse Manzo / Pesce dell'Oceano / Fegato / Tacchino 8 x 85 g,"8,07 € / Kg","5,49€",Animali domestici,Cibo per gatti
PURINA GOURMET Mon Petit Filettini Intense cotti in Salsa (Anatra / Pollo / Tacchino) 6x50g,"8,83 € / Kg","2,65€",Animali domestici,Cibo per gatti
PURINA GOURMET Mon Petit Filettini Intense cotti in Salsa (Tonno / Salmone / Trota) 6x50g,"8,83 € / Kg","2,65€",Animali domestici,Cibo per gatti
PURINA GOURMET Perle Trionfo di Salsa Salmone / Tonno 4 x 85 g,"8,79 € / Kg","2,99€",Animali domestici,Cibo per gatti
PURINA GOURMET Revelations Mousse con Pollo e una cascata di salsa 4 x 57 g,"13,11 € / Kg","2,99€",Animali domestici,Cibo per gatti
PURINA GOURMET Revelations Mousse con Salmone e una cascata di salsa 4 x 57 g,"13,11 € / Kg","2,99€",Animali domestici,Cibo per gatti
PURINA GOURMET Snack gatto Nature's Creations Exquisite Puree con Salmone e Carota Multipack 5x10g,"49,80 € / Kg","2,49€",Animali domestici,Cibo per gatti
"PURINA ONE Adult Ricco in Pollo 1,5 kg","5,99 € / Kg","8,99€",Animali domestici,Cibo per gatti
PURINA ONE Adult Ricco in Pollo 800 g,"7,11 € / Kg","5,69€",Animali domestici,Cibo per gatti
PURINA ONE Adult Ricco in Salmone 800 g,"7,11 € / Kg","5,69€",Animali domestici,Cibo per gatti
Purina ONE DUAL NATURE Adult Chicken 400g,"6,48 € / Kg","2,59€",Animali domestici,Cibo per gatti
Purina ONE DUAL NATURE Adult Salmon 400g,"6,48 € / Kg","2,59€",Animali domestici,Cibo per gatti
PURINA ONE DUAL NATURE Crocchette Gatto Sterilizzato ricco in Manzo e con Spirulina naturale 400 g,"6,48 € / Kg","2,59€",Animali domestici,Cibo per gatti
PURINA ONE Sterilcat Ricco in Manzo 800 g,"7,11 € / Kg","5,69€",Animali domestici,Cibo per gatti
PURINA ONE Urinary Health Ricco in Pollo 800 g,"7,11 € / Kg","5,69€",Animali domestici,Cibo per gatti
Sheba Classics Patè Cibo Umido Gatto con Tacchino 85 g,"8,82 € / Kg","0,75€",Animali domestici,Cibo per gatti
"Sheba Creazioni Speciali Cibo Umido Gatto in Salsa con Tacchino, Pollo e Verdure 85 g","8,82 € / Kg","0,75€",Animali domestici,Cibo per gatti
Sheba Délices du Jour in Salsa Cibo Umido Gatto con Pollo e Tacchino 6 x 50 g,"9,83 € / Kg","2,95€",Animali domestici,Cibo per gatti
Sheba Délices du Jour in Salsa Cibo Umido Gatto con Salmone e Tonno 6 x 50 g,"9,83 € / Kg","2,95€",Animali domestici,Cibo per gatti
Sheba Paté Classics Cibo Umido Gatto in Vaschetta con Salmone 85 g,"8,82 € / Kg","0,75€",Animali domestici,Cibo per gatti
Sheba Paté Classics Cibo Umido Gatto in Vaschetta con Selvaggina 85 g,"8,82 € / Kg","0,75€",Animali domestici,Cibo per gatti
Sheba Paté Classics con Manzo 85 g,"8,82 € / Kg","0,75€",Animali domestici,Cibo per gatti
Sheba Paté Classics con Pollo 85 g,"8,82 € / Kg","0,75€",Animali domestici,Cibo per gatti
Sheba Paté Classics con Vitello 85 g,"8,82 € / Kg","0,75€",Animali domestici,Cibo per gatti
Ultima Cat Adult 1-10 Anni Pollo 400 g,"6,22 € / Kg","2,49€",Animali domestici,Cibo per gatti
Ultima Cat Nature Sterilizzati Adult con Salmone Atlantico Fresco 400 g,"7,48 € / Kg","2,99€",Animali domestici,Cibo per gatti
Ultima Cat Sterilizzati Fit & Delicious con Pollo in Salsa 85 g,"9,65 € / Kg","0,82€",Animali domestici,Cibo per gatti
Ultima Cat Sterilizzati Fit & Delicious con Salmone in Salsa 85 g,"9,65 € / Kg","0,82€",Animali domestici,Cibo per gatti
Vitakraft Cat Yums   Salmon   Omega 3  40 g,"49,75 € / Kg","1,99€",Animali domestici,Cibo per gatti
Vitakraft CatStick classic Anatra & Coniglio 3 Sticks 18 g,"57,50 € / Kg","1,15€",Animali domestici,Cibo per gatti
Vitakraft CatStick classic Salmone 3 Sticks 18 g,"57,50 € / Kg","1,15€",Animali domestici,Cibo per gatti
Whiskas Pranzetti Cibo Umido Gatto con Manzo e Agnello in Salsa 6 x 50 g,"8,63 € / Kg","2,59€",Animali domestici,Cibo per gatti
Whiskas Pranzetti Cibo Umido Gatto con Pollo e Tonno in Salsa 6 x 50 g,"8,63 € / Kg","2,59€",Animali domestici,Cibo per gatti
"Whiskas Pranzetti con Manzo, con Pollo e piselli in Salsa 6 x 50 g","8,63 € / Kg","2,59€",Animali domestici,Cibo per gatti
Whiskas Pure Delight Cibo Umido Gatto Bocconcini di Pesce in Gelatina con Salmone e Tonno 4 x 85 g,"7,32 € / Kg","2,49€",Animali domestici,Cibo per gatti
Whiskas Pure Delight Cibo Umido Gatto Succulenti Straccetti in Gelatina con Manzo e Pollo 4 x 85 g,"7,32 € / Kg","2,49€",Animali domestici,Cibo per gatti
Whiskas Pure Delight Cibo Umido Gatto Tenere Delicatezze in Gelatina con Pollo e Tacchino 4 x 85 g,"7,32 € / Kg","2,49€",Animali domestici,Cibo per gatti
"Whiskas Pure Delight Menù Assortito in gelatina con pollo, con salmone 4 x 85 g","7,32 € / Kg","2,49€",Animali domestici,Cibo per gatti
Whiskas Temptations con Pollo e Formaggio 60 g,"31,50 € / Kg","1,89€",Animali domestici,Cibo per gatti
Whiskas Temptations Snack Gatto con Salmone 60 g,"31,50 € / Kg","1,89€",Animali domestici,Cibo per gatti
Vitakraft Chews Bastoncini arrotolati da masticare 10 pezzi 50 g,"34,00 € / Kg","1,70€",Animali domestici,Igiene e accessori
Vitakraft Chews Bastoncini da masticare aroma Menta 10 pezzi 60 g,"0,29 € / conf","2,85€",Animali domestici,Igiene e accessori
Vitakraft Chews Ossi da masticare 4 pezzi 100 g,"1,06 € / conf","4,25€",Animali domestici,Igiene e accessori
Vitakraft Playtime Gioco in gomma 1 pz,"3,05 € / conf","3,05€",Animali domestici,Igiene e accessori
Vitakraft Playtime Manubrio Jimmy,"3,15 € / conf","3,15€",Animali domestici,Igiene e accessori
Vitakraft Playtime Palla Jimmy S,"2,65 € / conf","2,65€",Animali domestici,Igiene e accessori
Vitakraft Playtime Pantofola in peluche,"2,80 € / conf","2,80€",Animali domestici,Igiene e accessori
Vitakraft Playtime Giocattolo per gatti 4 pz,"0,60 € / conf","2,40€",Animali domestici,Igiene e accessori
Sacchetti Igienici per Raccolta Feci 25x35 cm 3 rotoli 60 pz Conad,"2,39 € / conf","2,39€",Animali domestici,Igiene e accessori
Tappetini Igienici per Animali di Piccola Taglia 60x60cm 10 pz Conad,"4,39 € / conf","4,39€",Animali domestici,Igiene e accessori
Tappetini Igienici per Animali di Taglia Media 60x90 cm 10 pezzi Conad,"5,90 € / conf","5,90€",Animali domestici,Igiene e accessori
Vitakraft Care Cardatore grande 1 pz,"4,35 € / conf","4,35€",Animali domestici,Igiene e accessori
Lettiera Agglomerante Alto Potere Assorbente 7 l Conad,"0,46 € / L","3,19€",Animali domestici,Igiene e accessori
Lettiera Assorbente Profumata agli Agrumi 10 l Conad,"0,37 € / L","3,69€",Animali domestici,Igiene e accessori
Catsan Hygiene Plus 10 L,"0,73 € / L","7,29€",Animali domestici,Igiene e accessori
Catsan Natural 5 L,"1,74 € / L","8,70€",Animali domestici,Igiene e accessori
Sanicat 7 Days Freshness Aloe Vera 4 L,"0,80 € / L","3,19€",Animali domestici,Igiene e accessori
Sanicat Classic Lettiera assorbente Lavender 10 L,"0,86 € / Kg","5,99€",Animali domestici,Igiene e accessori
"10 BASTONC.ARROTOLATI VITAK 12,5cm","1,70 € / conf","1,70€",Animali domestici,Igiene e accessori
"LETTIERA AL SILICIO ELEGANT CAT3,8l","1815,79 € / L","6,90€",Animali domestici,Igiene e accessori
Vitakraft Premium Vita Flake-Mix 42 g,"9,40 € / L","2,35€",Animali domestici,Altri animali
AGHERA SARDA Cannonau di Sardegna DOC 75 cl,"6,12 € / L","4,59€","Vino, birra e altri alcolici",Vino rosso
BALÌ Aglianico del Vulture DOP 75 cl,"5,93 € / L","4,45€","Vino, birra e altri alcolici",Vino rosso
BORGO MORARS Cabernet Sauvignon Friuli DOC 75 cl,"5,99 € / L","4,49€","Vino, birra e altri alcolici",Vino rosso
BORGO MORARS Merlot Friuli DOC 75 cl,"5,72 € / L","4,29€","Vino, birra e altri alcolici",Vino rosso
BORGO MORARS Pinot Nero Friuli DOC 75 cl,"6,25 € / L","4,69€","Vino, birra e altri alcolici",Vino rosso
BORGO MORARS Refosco dal Peduncolo Rosso Friuli DOC 75 cl,"5,87 € / L","4,40€","Vino, birra e altri alcolici",Vino rosso
BUFFERIA Chianti Classico DOCG 75 cl,"9,05 € / L","6,79€","Vino, birra e altri alcolici",Vino rosso
BUFFERIA Chianti DOCG 75 cl,"6,65 € / L","4,99€","Vino, birra e altri alcolici",Vino rosso
BUFFERIA Morellino di Scansano DOCG 75 cl,"7,99 € / L","5,99€","Vino, birra e altri alcolici",Vino rosso
COSTALTA Teroldego Rotaliano DOC 75 cl,"6,65 € / L","4,99€","Vino, birra e altri alcolici",Vino rosso
FRISCALE Bonarda dell'Oltrepò Pavese DOC Vino Frizzante 75 cl,"5,05 € / L","3,79€","Vino, birra e altri alcolici",Vino rosso
LATUJA Amarone della Valpolicella DOCG 75 cl,"27,87 € / L","20,90€","Vino, birra e altri alcolici",Vino rosso
LATUJA Bardolino Classico DOC 75 cl,"5,32 € / L","3,99€","Vino, birra e altri alcolici",Vino rosso
LATUJA Valpolicella Superiore DOC 75 cl,"7,93 € / L","5,95€","Vino, birra e altri alcolici",Vino rosso
MINIATO Barbera d'Alba DOC Superiore 75 cl,"9,32 € / L","6,99€","Vino, birra e altri alcolici",Vino rosso
MINIATO Barbera d'Asti DOCG 75 cl,"5,59 € / L","4,19€","Vino, birra e altri alcolici",Vino rosso
MINIATO Barolo DOCG 75 cl,"21,27 € / L","15,95€","Vino, birra e altri alcolici",Vino rosso
MINIATO Dolcetto di Ovada DOC 75 cl,"5,60 € / L","4,20€","Vino, birra e altri alcolici",Vino rosso
MINIATO Grignolino d'Asti DOC 75 cl,"6,65 € / L","4,99€","Vino, birra e altri alcolici",Vino rosso
SASERNA Gutturnio Frizzante DOC 75 cl,"5,59 € / L","4,19€","Vino, birra e altri alcolici",Vino rosso
SCJUCAREN Romagna DOC Sangiovese 75 cl,"4,87 € / L","3,65€","Vino, birra e altri alcolici",Vino rosso
VICALE Montepulciano d'Abruzzo DOC 75 cl,"5,32 € / L","3,99€","Vino, birra e altri alcolici",Vino rosso
VICALE Montepulciano d'Abruzzo DOC Biologico 75 cl,"6,65 € / L","4,99€","Vino, birra e altri alcolici",Vino rosso
Cavit i Mastri Vernacoli Cabernet Sauvignon Trentino DOC 75 cl,"7,00 € / L","5,25€","Vino, birra e altri alcolici",Vino rosso
Cavit i Mastri Vernacoli Pinot Nero Trentino DOC 75 cl,"7,27 € / L","5,45€","Vino, birra e altri alcolici",Vino rosso
Cavit i Mastri Vernacoli Teroldego Rotaliano DOC 75 cl,"6,13 € / L","4,60€","Vino, birra e altri alcolici",Vino rosso
Cecchi Chianti 750 ml,"6,12 € / L","4,59€","Vino, birra e altri alcolici",Vino rosso
Cecchi La Mora Morellino di Scansano 750 ml,"8,12 € / L","6,09€","Vino, birra e altri alcolici",Vino rosso
Cecchi Rosso di Montalcino DOC 75 cl,"18,53 € / L","13,90€","Vino, birra e altri alcolici",Vino rosso
Cecchi Storia di Famiglia Chianti Classico DOCG 750 ml,"10,92 € / L","8,19€","Vino, birra e altri alcolici",Vino rosso
Fontanafredda Barbera d'Alba DOC 750 ml,"9,32 € / L","6,99€","Vino, birra e altri alcolici",Vino rosso
Fontanafredda Barolo DOCG 750 ml,"27,33 € / L","20,50€","Vino, birra e altri alcolici",Vino rosso
Fontanafredda Langhe DOC Nebbiolo 750 ml,"12,79 € / L","9,59€","Vino, birra e altri alcolici",Vino rosso
Galassi Romagna DOC Sangiovese 750 ml,"5,47 € / L","4,10€","Vino, birra e altri alcolici",Vino rosso
Melini Neocampana Chianti DOCG 750 ml,"7,47 € / L","5,60€","Vino, birra e altri alcolici",Vino rosso
Melini Vino Nobile di Montepulciano DOCG Sante Lancerio 750 ml,"15,00 € / L","11,25€","Vino, birra e altri alcolici",Vino rosso
Nino Negri Inferno Valtellina Superiore DOCG Nebbiolo 750 ml,"16,13 € / L","12,10€","Vino, birra e altri alcolici",Vino rosso
Settesoli Collezione Nero d'Avola Syrah Sicilia DOC 75 cl,"8,20 € / L","6,15€","Vino, birra e altri alcolici",Vino rosso
Settesoli Nero d'Avola Sicilia DOC 75 cl,"6,12 € / L","4,59€","Vino, birra e altri alcolici",Vino rosso
Settesoli Syrah Terre Siciliane IGT 75 cl,"6,12 € / L","4,59€","Vino, birra e altri alcolici",Vino rosso
Tenuta Ca' Vescovo Refosco dal Peduncolo Rosso Superiore Friuli DOC Aquileia 750 ml,"9,27 € / L","6,95€","Vino, birra e altri alcolici",Vino rosso
Terre Cevico Romagna DOC Sangiovese Superiore 750 ml,"5,47 € / L","4,10€","Vino, birra e altri alcolici",Vino rosso
"Lambrusco dell'Emilia IGT Vino Frizzante Dolce 1,5 l Conad","2,53 € / L","3,79€","Vino, birra e altri alcolici",Vino rosso
"Lambrusco dell'Emilia IGT Vino Frizzante Secco 1,5 l Conad","2,53 € / L","3,79€","Vino, birra e altri alcolici",Vino rosso
LI RACI Nero d'Avola Sicilia DOC 75 cl,"5,31 € / L","3,98€","Vino, birra e altri alcolici",Vino rosso
LI RACI Syrah Terre Siciliane IGT 75 cl,"5,85 € / L","4,39€","Vino, birra e altri alcolici",Vino rosso
LI TAMARICI Negroamaro Salento IGT 75 cl,"5,31 € / L","3,98€","Vino, birra e altri alcolici",Vino rosso
LI TAMARICI Primitivo Salento IGT 75 cl,"6,65 € / L","4,99€","Vino, birra e altri alcolici",Vino rosso
"Merlot Veneto IGT l.  1,5 Conad","2,53 € / L","3,79€","Vino, birra e altri alcolici",Vino rosso
"Sangiovese Rubicone IGT l.  1,5 Conad","2,53 € / L","3,79€","Vino, birra e altri alcolici",Vino rosso
"BotteBuona Sangiovese Rubicone IGT 0,75 l","3,99 € / L","2,99€","Vino, birra e altri alcolici",Vino rosso
Corvo Terre Siciliane IGT rosso 750 ml,"6,73 € / L","5,05€","Vino, birra e altri alcolici",Vino rosso
Marchesi Antinori Villa Antinori Toscana IGT Rosso 750 ml,"17,67 € / L","13,25€","Vino, birra e altri alcolici",Vino rosso
Riunite Lambrusco Emilia 75 cl,"3,99 € / L","2,99€","Vino, birra e altri alcolici",Vino rosso
Riunite Lambrusco Emilia IGT Vino Frizzante Amabile 75 cl,"3,99 € / L","2,99€","Vino, birra e altri alcolici",Vino rosso
San Crispino Bio Terre Siciliane IGP Syrah-Merlot 500 ml,"3,10 € / L","1,55€","Vino, birra e altri alcolici",Vino rosso
Santa Cristina Toscana IGT 750 ml,"8,93 € / L","6,70€","Vino, birra e altri alcolici",Vino rosso
Settesoli Rosso Terre Siciliane IGT 75 cl,"3,99 € / L","2,99€","Vino, birra e altri alcolici",Vino rosso
Settesoli Vermentino Terre Siciliane IGT 75 cl,"6,39 € / L","4,79€","Vino, birra e altri alcolici",Vino rosso
Tavernello Sangiovese & Merlot Black Gold Rubicone IGT 500 ml,"3,10 € / L","1,55€","Vino, birra e altri alcolici",Vino rosso
Vipra Umbria Rosso IGT 75 cl,"7,19 € / L","5,39€","Vino, birra e altri alcolici",Vino rosso
BIANCO BEVERINO PIROVANO 250ml,"4,76 € / L","1,19€","Vino, birra e altri alcolici",Vino rosso
MONTEPULCIANO DOC PIROVANO 250ml,"5,00 € / L","1,25€","Vino, birra e altri alcolici",Vino rosso
ROSSO BEVERINO PIROVANO 250ml,"4,76 € / L","1,19€","Vino, birra e altri alcolici",Vino rosso
BARBERA FRIZ.C.PIAC.VICOBARONE 75cl,6.3 € / L,"2,59€","Vino, birra e altri alcolici",Vino rosso
GUTTURNIO FRIZZ.CASABELLA DOC 75cl,6.0 € / L,"2,40€","Vino, birra e altri alcolici",Vino rosso
AGLIANICO ROSSO ANTE HIRPIS 75cl,"7,99 € / L","5,99€","Vino, birra e altri alcolici",Vino rosso
AMARONE DOCG MONTEFORTE 75cl,"31,33 € / L","23,50€","Vino, birra e altri alcolici",Vino rosso
AMARONE VALPOLICEL.TOMMASI 75 cl,"43,87 € / L","32,90€","Vino, birra e altri alcolici",Vino rosso
AMARONE VALPOLICELLA DOCG NEGRA75cl,"29,20 € / L","21,90€","Vino, birra e altri alcolici",Vino rosso
APPASIMENTO IGT QUATTRO PASSI 75cl,"7,32 € / L","5,49€","Vino, birra e altri alcolici",Vino rosso
BARBARESCO DUCHESSA LIA DOCG 75cl,"18,27 € / L","13,70€","Vino, birra e altri alcolici",Vino rosso
BARBERA D'ASTI DOCG GALANERA 75cl,"12,25 € / L","9,19€","Vino, birra e altri alcolici",Vino rosso
BARBERA D'ASTI DUCHESSA LIA DOC75cl,"6,79 € / L","5,09€","Vino, birra e altri alcolici",Vino rosso
"BARBERA DOC CANT.MANZINI VP 1,5l","4,10 € / L","6,15€","Vino, birra e altri alcolici",Vino rosso
BARBERA DOC CANT.MANZINI VP 75cl,"4,73 € / L","3,55€","Vino, birra e altri alcolici",Vino rosso
BARBERA IGT IL FEUDO 75cl,"4,07 € / L","3,05€","Vino, birra e altri alcolici",Vino rosso
"BARBERA OLTR.T.PASSERI DOC 1,5l","3,30 € / L","4,95€","Vino, birra e altri alcolici",Vino rosso
BARBERA OLTREPO P.DOC T.PASSERI75cl,"3,85 € / L","2,89€","Vino, birra e altri alcolici",Vino rosso
BARBERA PC DOC VALTIDONE 75cl,"7,59 € / L","5,69€","Vino, birra e altri alcolici",Vino rosso
BARDOLINO DOC MAGGI 75cl,"4,53 € / L","3,40€","Vino, birra e altri alcolici",Vino rosso
"BARDOLINO MAGGI DOC 1,5l","3,43 € / L","5,15€","Vino, birra e altri alcolici",Vino rosso
BARDOLINO TOMMASI DOC 75 cl,"13,47 € / L","10,10€","Vino, birra e altri alcolici",Vino rosso
BONARDA AMAB.CASABELLA DOC 75cl,"6,20 € / L","4,65€","Vino, birra e altri alcolici",Vino rosso
BONARDA DOLC.C.PIA.DOC ZERIOLI 75cl,"5,59 € / L","4,19€","Vino, birra e altri alcolici",Vino rosso
BONARDA OLTREPO P.DOC T.PASSERI75cl,"3,85 € / L","2,89€","Vino, birra e altri alcolici",Vino rosso
BONARDA SEC.VIVACE VALTID.DOC6x75cl,"45,20 € / L","33,90€","Vino, birra e altri alcolici",Vino rosso
BONARDA SEC.VIVACE VALTIDONEDOC75cl,"7,53 € / L","5,65€","Vino, birra e altri alcolici",Vino rosso
BONARDA VIV.O/P PAV.DOC MAGGI 75cl,"3,67 € / L","2,75€","Vino, birra e altri alcolici",Vino rosso
BONARDA.FRIZ.SE.DOC OLTREPO'75cl5cl,"5,47 € / L","4,10€","Vino, birra e altri alcolici",Vino rosso
BRUNELLO MONT.DOCG FRESCOBALDI 75cl,"31,45 € / L","23,59€","Vino, birra e altri alcolici",Vino rosso
CABERNET FRIULI DOC TENIMENTI 75cl,"8,47 € / L","6,35€","Vino, birra e altri alcolici",Vino rosso
CABERNET SAUV.IGT LE CASCINE 75cl,"5,47 € / L","4,10€","Vino, birra e altri alcolici",Vino rosso
CABERNET VENETO IGT TOGO 1l,"3,40 € / L","3,40€","Vino, birra e altri alcolici",Vino rosso
CANNONAU DOC DOLIA  75cl,"6,53 € / L","4,90€","Vino, birra e altri alcolici",Vino rosso
CANNONAU DOC SELLA&MOSCA 75cl,"13,19 € / L","9,89€","Vino, birra e altri alcolici",Vino rosso
CANNONAU EREMA SIDDURA 75 cl,"18,00 € / L","13,50€","Vino, birra e altri alcolici",Vino rosso
CENTINE ROSSO BANFI 75cl,"9,80 € / L","7,35€","Vino, birra e altri alcolici",Vino rosso
CHIANTI DOCG IL PALAGIO 75cl,"7,45 € / L","5,59€","Vino, birra e altri alcolici",Vino rosso
CHIANTI DOCG LECCIONI FRESCOB.75cl,"9,40 € / L","7,05€","Vino, birra e altri alcolici",Vino rosso
"CHIANTI FIAS.PAGLIA DOCG CORSI 1,5l","6,63 € / L","9,95€","Vino, birra e altri alcolici",Vino rosso
CHIANTI PUTTO SENSI DOCG 75cl,"8,79 € / L","6,59€","Vino, birra e altri alcolici",Vino rosso
CILIEGIOLO DI NARNI IGT UMBRIA 75cl,"6,20 € / L","4,65€","Vino, birra e altri alcolici",Vino rosso
ETNA ROSSO BARONE DI BERNAJ DOC75cl,"6,64 € / L","4,98€","Vino, birra e altri alcolici",Vino rosso
FRAGOLINO ROSSO DUCHESSA LIA 75 cl,"5,13 € / L","3,85€","Vino, birra e altri alcolici",Vino rosso
FRAPPATO ROSSO MATAROCCO IGT 75cl,"3,13 € / L","2,35€","Vino, birra e altri alcolici",Vino rosso
FRAPPATO SYRAH GURGO'SICILIA 75cl,"5,85 € / L","4,39€","Vino, birra e altri alcolici",Vino rosso
FRESCHELLO ROSSO CIELO&TERRA 75cl,"2,73 € / L","2,05€","Vino, birra e altri alcolici",Vino rosso
GRECANICO SICILIA IL POGGIO 75cl,"3,59 € / L","2,69€","Vino, birra e altri alcolici",Vino rosso
GRILLO CONTE MATAROCCO DOC 75cl,"3,13 € / L","2,35€","Vino, birra e altri alcolici",Vino rosso
GROPPELLO GARDA BELLERIV AVANZI75cl,"10,25 € / L","7,69€","Vino, birra e altri alcolici",Vino rosso
GUTTURNIO DOC CA' MATTA 75cl,"5,27 € / L","3,95€","Vino, birra e altri alcolici",Vino rosso
"GUTTURNIO DOC CANT.MANZINI VP 1,5l","3,86 € / L","5,79€","Vino, birra e altri alcolici",Vino rosso
GUTTURNIO DOC CANT.MANZINI VP 75cl,"5,31 € / L","3,98€","Vino, birra e altri alcolici",Vino rosso
GUTTURNIO DOC MONTEMARTINI 75cl,"11,87 € / L","8,90€","Vino, birra e altri alcolici",Vino rosso
GUTTURNIO DOC VALTIDONE 75cl,"7,59 € / L","5,69€","Vino, birra e altri alcolici",Vino rosso
GUTTURNIO FERMO VALTIDONE DOC 75cl,"9,60 € / L","7,20€","Vino, birra e altri alcolici",Vino rosso
GUTTURNIO FRIZZ.DOC VICO.75cl,"5,73 € / L","4,30€","Vino, birra e altri alcolici",Vino rosso
GUTTURNIO FRIZZANTE DOC ZERIOLI75cl,"5,19 € / L","3,89€","Vino, birra e altri alcolici",Vino rosso
GUTTURNIO SUPERIORE P.GAZZOLA 75cl,"9,07 € / L","6,80€","Vino, birra e altri alcolici",Vino rosso
LACRIMA DI MORRO ALBA LUCCHETTI 75c,"8,25 € / L","6,19€","Vino, birra e altri alcolici",Vino rosso
LAMB.DI MO AMABILE DOP SORBARA 75cl,"5,40 € / L","4,05€","Vino, birra e altri alcolici",Vino rosso
LAMB.GRASP.SORBARA SECCO DOP 75cl,"5,40 € / L","4,05€","Vino, birra e altri alcolici",Vino rosso
LAMB.PR IGT OTELLO ETICH.NERA 75cl,"7,60 € / L","5,70€","Vino, birra e altri alcolici",Vino rosso
LAMBR.RE.DOC SECCO CA'DE MEDICI75cl,"7,47 € / L","5,60€","Vino, birra e altri alcolici",Vino rosso
LAMBRUSCO RE DOC CAMPANONE 75cl,"7,72 € / Kg","5,79€","Vino, birra e altri alcolici",Vino rosso
MARZEMINO DOC MEZ.CORONA 75 cl,"6,47 € / L","4,85€","Vino, birra e altri alcolici",Vino rosso
MONTEPUL.ABRUZZO IL POGGIO 75cl,"3,59 € / L","2,69€","Vino, birra e altri alcolici",Vino rosso
MONTEPULCIANO ABRUZZO SENSI DOC75cl,"6,60 € / L","4,95€","Vino, birra e altri alcolici",Vino rosso
"MONTEPULCIANO D'ABR.DOC MAGGI 1,5l","2,99 € / L","4,49€","Vino, birra e altri alcolici",Vino rosso
MORELLINO DOCG SCANS. PODERONE 75cl,"9,47 € / L","7,10€","Vino, birra e altri alcolici",Vino rosso
MORELLINO SCANSANO DOC LA TORRE75cl,"11,67 € / L","8,75€","Vino, birra e altri alcolici",Vino rosso
NEBBIOLO ALBA DOC DUCHESSA LIA 75cl,"11,93 € / L","8,95€","Vino, birra e altri alcolici",Vino rosso
NEGRAMARO ROSSO IGP SAN PATRIMO75cl,"7,85 € / L","5,89€","Vino, birra e altri alcolici",Vino rosso
NEGROAMARO SALENTO IGT MOTTURA 75cl,"7,32 € / L","5,49€","Vino, birra e altri alcolici",Vino rosso
NERO D'AVOLA APPAS.DOC 4QUARTI75cl,"8,65 € / L","6,49€","Vino, birra e altri alcolici",Vino rosso
"NERO D'AVOLA BIO IGT 13,5°75cl","7,19 € / L","5,39€","Vino, birra e altri alcolici",Vino rosso
NERO D'AVOLA DOC GATT.V.DIANA 75cl,"4350,00 € / L","4,35€","Vino, birra e altri alcolici",Vino rosso
NERO D'AVOLA SICILIA DOC 75cl,"3,59 € / L","2,69€","Vino, birra e altri alcolici",Vino rosso
PINOT NERO ROSSO GRIES 75cl,"15,93 € / L","11,95€","Vino, birra e altri alcolici",Vino rosso
PINOT NERO V.BIANCO GIORGI 75cl,"12,60 € / L","9,45€","Vino, birra e altri alcolici",Vino rosso
PRIMIT.MAND.STILIO DOC MOTTURA75cl,"15,87 € / L","11,90€","Vino, birra e altri alcolici",Vino rosso
PRIMITIVO MANDURIA DOC MOTTURA 75cl,"9,05 € / L","6,79€","Vino, birra e altri alcolici",Vino rosso
RIPASSO VALPOLIC.DOC SARTORI 75cl,"13,05 € / L","9,79€","Vino, birra e altri alcolici",Vino rosso
RIPASSO VALPOLICELLA DOC TOMM.75cl,"23,60 € / L","17,70€","Vino, birra e altri alcolici",Vino rosso
RONCHEDONE CA'DE FRATI 75cl,"20,47 € / L","15,35€","Vino, birra e altri alcolici",Vino rosso
ROS.MONTEPULCIANO TRE ROSE DOC 75cl,"9,53 € / L","7,15€","Vino, birra e altri alcolici",Vino rosso
ROSSO BOLGHERI SABBIATO SENSI 75cl,"20,80 € / L","15,60€","Vino, birra e altri alcolici",Vino rosso
"ROSSO DI TOSCANA SENSI BOTT.1,5l","4,20 € / L","6,30€","Vino, birra e altri alcolici",Vino rosso
ROSSO MONTAL.DOC FRESCOBALDI 75cl,"11,53 € / L","8,65€","Vino, birra e altri alcolici",Vino rosso
ROSSO PICEN.DOCSUPBIODEANGELIS 75cl,"8,79 € / L","6,59€","Vino, birra e altri alcolici",Vino rosso
ROSSO RISERVA DOC CASA DEFRA'75cl,"9,27 € / L","6,95€","Vino, birra e altri alcolici",Vino rosso
ROSSO TOSC.SASSOMATTO SENSI IGT75cl,"6,12 € / L","4,59€","Vino, birra e altri alcolici",Vino rosso
SALICE SALENT ROSSO S.PATRIMO 75cl,"7,45 € / L","5,59€","Vino, birra e altri alcolici",Vino rosso
SANGIOV.TOSCANO 100% SENSI IGT 75cl,"6,65 € / L","4,99€","Vino, birra e altri alcolici",Vino rosso
SANGIOVESE NINFATO S/SOLF.IGT 75cl,"12,65 € / L","9,49€","Vino, birra e altri alcolici",Vino rosso
SANGIOVESE RUBICONE DONELLI 75cl,"3,32 € / L","2,49€","Vino, birra e altri alcolici",Vino rosso
SANGIOVESE SUP.MONTAIA 75cl,"8,65 € / L","6,49€","Vino, birra e altri alcolici",Vino rosso
SANGUE DI GIUDA  FRIZZ.GIORGI 75cl,"10,53 € / L","7,90€","Vino, birra e altri alcolici",Vino rosso
SAUVIGNON IGT CIVA 75cl,"7,99 € / L","5,99€","Vino, birra e altri alcolici",Vino rosso
SEDARA ROSSO DONNAFUGATA 75cl,"14,53 € / L","10,90€","Vino, birra e altri alcolici",Vino rosso
SYRAH BELLETERRE 75cl,"3,32 € / L","2,49€","Vino, birra e altri alcolici",Vino rosso
TEROLDEGO DOC MEZ.CORONA 75 cl,"7,13 € / L","5,35€","Vino, birra e altri alcolici",Vino rosso
TEROLDEGO MEZ.CORONA DOC RIS.MIL75c,"12,80 € / L","9,60€","Vino, birra e altri alcolici",Vino rosso
VALPOLICELLA TOMMASI DOC 75 cl,"14,13 € / L","10,60€","Vino, birra e altri alcolici",Vino rosso
VINO NOBILE MONTEPULC.RISERVA 75cl,"11,87 € / L","8,90€","Vino, birra e altri alcolici",Vino rosso
AGHERA SARDA Vermentino di Gallura DOCG 75 cl,"9,60 € / L","7,20€","Vino, birra e altri alcolici",Vino bianco
BARÓ Offida DOCG Passerina 75 cl,"7,67 € / L","5,75€","Vino, birra e altri alcolici",Vino bianco
BARÓ Offida DOCG Pecorino 75 cl,"7,72 € / L","5,79€","Vino, birra e altri alcolici",Vino bianco
BARO' Verdicchio dei Castelli di Jesi DOC Classico 75 cl,"6,33 € / L","4,75€","Vino, birra e altri alcolici",Vino bianco
BORGO MORARS Chardonnay Friuli DOC 75 cl,"5,67 € / L","4,25€","Vino, birra e altri alcolici",Vino bianco
BORGO MORARS Pinot Grigio Friuli DOC 75 cl,"7,27 € / L","5,45€","Vino, birra e altri alcolici",Vino bianco
BORGO MORARS Sauvignon Friuli DOC 75 cl,"5,67 € / L","4,25€","Vino, birra e altri alcolici",Vino bianco
BUFFERIA Vernaccia di San Gimignano DOCG 75 cl,"6,65 € / L","4,99€","Vino, birra e altri alcolici",Vino bianco
Casaniere Moscato d'Asti DOCG 75 cl,"7,87 € / L","5,90€","Vino, birra e altri alcolici",Vino bianco
COSTALTA Trentino DOC Chardonnay 75 cl,"5,99 € / L","4,49€","Vino, birra e altri alcolici",Vino bianco
COSTALTA Trentino DOC Müller Thurgau 75 cl,"6,12 € / L","4,59€","Vino, birra e altri alcolici",Vino bianco
COSTALTA Trentino DOC Pinot Grigio 75 cl,"8,20 € / L","6,15€","Vino, birra e altri alcolici",Vino bianco
LATUJA Soave Classico DOC 75 cl,"5,73 € / L","4,30€","Vino, birra e altri alcolici",Vino bianco
NZIRIA DEI PRINCIPI Fiano di Avellino DOCG 75 cl,"10,60 € / L","7,95€","Vino, birra e altri alcolici",Vino bianco
NZIRIA DEI PRINCIPI Greco di Tufo DOCG 75 cl,"8,79 € / L","6,59€","Vino, birra e altri alcolici",Vino bianco
SCJUCAREN Romagna DOC Trebbiano 75 cl,"4,33 € / L","3,25€","Vino, birra e altri alcolici",Vino bianco
TENIMENTI DOGALI Conegliano Valdobbiadene Prosecco DOCG Vino Frizzante 75 cl,"8,65 € / L","6,49€","Vino, birra e altri alcolici",Vino bianco
TINIERE Orvieto DOC Classico 75 cl,"4,47 € / L","3,35€","Vino, birra e altri alcolici",Vino bianco
TORRECOCCARDA Pignoletto DOC Reno Vino Frizzante Secco 75 cl,"5,05 € / L","3,79€","Vino, birra e altri alcolici",Vino bianco
Bigi Est! Est!! Est!!! di Montefiascone DOC Secco 750 ml,"5,45 € / L","4,09€","Vino, birra e altri alcolici",Vino bianco
Bigi Orvieto Classico DOC Secco 75 cl,"6,00 € / L","4,50€","Vino, birra e altri alcolici",Vino bianco
Cavit i Mastri Vernacoli Gewürztraminer Trentino DOC 75 cl,"9,47 € / L","7,10€","Vino, birra e altri alcolici",Vino bianco
Cavit i Mastri Vernacoli Müller Thurgau Trentino DOC 75 cl,"6,87 € / L","5,15€","Vino, birra e altri alcolici",Vino bianco
Cavit i Mastri Vernacoli Pinot Bianco Trentino DOC 75 cl,"7,85 € / L","5,89€","Vino, birra e altri alcolici",Vino bianco
Cavit i Mastri Vernacoli Pinot Grigio Trentino DOC 75 cl,"7,97 € / L","5,98€","Vino, birra e altri alcolici",Vino bianco
Cecchi Torrebona Vernaccia di San Gimignano DOCG 750 ml,"7,67 € / L","5,75€","Vino, birra e altri alcolici",Vino bianco
Duca di Salaparuta Colomba Platino Insolia Sicilia DOC 750 ml,"12,65 € / L","9,49€","Vino, birra e altri alcolici",Vino bianco
Fontanafredda Moscato d'Asti DOCG 750 ML,"8,93 € / L","6,70€","Vino, birra e altri alcolici",Vino bianco
Galassi Romagna DOC Trebbiano 750 ml,"5,31 € / L","3,98€","Vino, birra e altri alcolici",Vino bianco
"Gotto d'oro Frascati DOC 1,5 L","3,03 € / L","4,55€","Vino, birra e altri alcolici",Vino bianco
"Gotto d'oro Marino DOC 1,5 L","2,39 € / L","3,59€","Vino, birra e altri alcolici",Vino bianco
"Gotto d'oro Marino DOC Gusto Amabile 1,5 l","2,26 € / L","3,39€","Vino, birra e altri alcolici",Vino bianco
Righi Pignoletto Reno DOC Vino Frizzante 750 ml,"5,07 € / L","3,80€","Vino, birra e altri alcolici",Vino bianco
Santa Margherita Pinot Grigio Valdadige DOC 75 cl,"9,60 € / L","7,20€","Vino, birra e altri alcolici",Vino bianco
Settesoli Chardonnay Terre Siciliane IGT 75 cl,"6,12 € / L","4,59€","Vino, birra e altri alcolici",Vino bianco
Settesoli Collezione Grillo Chardonnay Sicilia DOC 75 cl,"8,20 € / L","6,15€","Vino, birra e altri alcolici",Vino bianco
Settesoli Grillo Sicilia DOC 75 cl,"6,20 € / L","4,65€","Vino, birra e altri alcolici",Vino bianco
Settesoli Inzolia Terre Siciliane IGT 75 cl,"6,20 € / L","4,65€","Vino, birra e altri alcolici",Vino bianco
Vignaioli da San Floriano Ribolla Gialla Venezia Giulia IGT 750 ml,"11,40 € / L","8,55€","Vino, birra e altri alcolici",Vino bianco
"Trebbiano Rubicone IGT 1,5 l Conad","2,53 € / L","3,79€","Vino, birra e altri alcolici",Vino bianco
TRODO ANTICO Chardonnay Veneto IGT Vino Frizzante 75 cl,"4,24 € / L","3,18€","Vino, birra e altri alcolici",Vino bianco
TRODO ANTICO Pinot Bianco Veneto IGT Vino Frizzante 75 cl,"4,39 € / L","3,29€","Vino, birra e altri alcolici",Vino bianco
TRODO ANTICO Verduzzo Veneto IGT Vino Frizzante 75 cl,"4,39 € / L","3,29€","Vino, birra e altri alcolici",Vino bianco
Lamberti Turà Bianco Trevenezie IGT Vino Frizzante 750 ml,4.1 € / L,"2,19€","Vino, birra e altri alcolici",Vino bianco
Cantina Terre Fredde Bianco Trevenezie IGT 75 cl,"4,73 € / L","3,55€","Vino, birra e altri alcolici",Vino bianco
Cantine Maschio Chardonnay Veneto IGT Vino Frizzante 75 cl,"4,65 € / L","3,49€","Vino, birra e altri alcolici",Vino bianco
Cantine Maschio Verduzzo Veneto IGT Vino Frizzante 75 cl,"4,65 € / L","3,49€","Vino, birra e altri alcolici",Vino bianco
Civ&Civ Garzellino Frizzante Amabile 75 cl,"3,67 € / L","2,75€","Vino, birra e altri alcolici",Vino bianco
Civ&Civ Garzellino Vino Frizzante Secco Bianco Emilia IGT 75 cl,"3,67 € / L","2,75€","Vino, birra e altri alcolici",Vino bianco
Corvo Glicine Terre Siciliane IGT bianco 750 ml,"7,99 € / L","5,99€","Vino, birra e altri alcolici",Vino bianco
Corvo Terre Siciliane IGT bianco 750 ml,"7,47 € / L","5,60€","Vino, birra e altri alcolici",Vino bianco
Riunite Canterino Frizzante Amabile Rubicone IGT 75 cl,"3,85 € / L","2,89€","Vino, birra e altri alcolici",Vino bianco
Riunite Canterino Frizzante Secco Rubicone IGT 75 cl,"3,85 € / L","2,89€","Vino, birra e altri alcolici",Vino bianco
San Crispino Bio Terre Siciliane IGP Catarratto-Inzolia 500 ml,"3,10 € / L","1,55€","Vino, birra e altri alcolici",Vino bianco
Santa Cristina Umbria IGT 750 ml,"9,19 € / L","6,89€","Vino, birra e altri alcolici",Vino bianco
Santa Margherita Ca' d'Archi Pinot Bianco Chardonnay Venezia DOC 75 cl,"6,64 € / L","4,98€","Vino, birra e altri alcolici",Vino bianco
Santa Margherita Chardonnay Vigneti delle Dolomiti IGT 75 cl,"9,20 € / L","6,90€","Vino, birra e altri alcolici",Vino bianco
Santa Margherita Müller Thurgau Vigneti delle Dolomiti IGT Vino Frizzante 75 cl,"7,59 € / L","5,69€","Vino, birra e altri alcolici",Vino bianco
Settesoli Bianco Terre Siciliane IGT 75 cl,"3,99 € / L","2,99€","Vino, birra e altri alcolici",Vino bianco
Tavernello Pinot Bianco & Famoso White Gold Rubicone IGT 500 ml,"3,10 € / L","1,55€","Vino, birra e altri alcolici",Vino bianco
Vipra Umbria Bianco IGT 75 cl,"7,19 € / L","5,39€","Vino, birra e altri alcolici",Vino bianco
ORTRUGO DOC VALTIDONE 75cl,6.9 € / L,"3,09€","Vino, birra e altri alcolici",Vino bianco
BIANCO CANTER.RIUN.AM TV VP 6x75cl,"23,12 € / L","17,34€","Vino, birra e altri alcolici",Vino bianco
BIANCO CUSTOZA DOC SARTORI 75lcl,"5,53 € / L","4,15€","Vino, birra e altri alcolici",Vino bianco
BIANCO DI CUSTOZA TOMMASI 75 cl,"14,13 € / L","10,60€","Vino, birra e altri alcolici",Vino bianco
"BIANCO DI TOSCANA SENSI BOTT. 1,5l","3,86 € / L","5,79€","Vino, birra e altri alcolici",Vino bianco
BIANCO FALERIO DEANGELIS DOC 75cl,"6,27 € / L","4,70€","Vino, birra e altri alcolici",Vino bianco
BIANCO FRIZZANTE GIOIOSA 75cl,"4,92 € / L","3,69€","Vino, birra e altri alcolici",Vino bianco
BIANCO VENETO VP IGT TOGO  1l,"3,40 € / L","3,40€","Vino, birra e altri alcolici",Vino bianco
BIANCO VIOGNIER GURGO'SICILIA 75cl,"5,99 € / L","4,49€","Vino, birra e altri alcolici",Vino bianco
CHARDONNAY BELLETERRE IGT 75cl75cl,"3,32 € / L","2,49€","Vino, birra e altri alcolici",Vino bianco
CHARDONNAY OLT/PO PAVESE DOC 75cl,"5,27 € / L","3,95€","Vino, birra e altri alcolici",Vino bianco
ETNA BIANCO CAPOVERO DOC 75cl,"10,00 € / L","7,50€","Vino, birra e altri alcolici",Vino bianco
FALANGHINA ANTE HIRPIS IGT 75cl,"8,65 € / L","6,49€","Vino, birra e altri alcolici",Vino bianco
FRESCHEL.ROSATO VIVO CIELO&TERRA75c,"2,73 € / L","2,05€","Vino, birra e altri alcolici",Vino bianco
FRESCHELLO BIANCO CIELO&TERRA 75cl,"2,73 € / L","2,05€","Vino, birra e altri alcolici",Vino bianco
FRIULANO DOC JEAN PAUL ROBLE 75cl,"11,99 € / L","8,99€","Vino, birra e altri alcolici",Vino bianco
GARGANEGA PINOTGRIGIO GARDA DOC75cl,"3,44 € / L","2,58€","Vino, birra e altri alcolici",Vino bianco
GEWURZTRAMINER G.S.MADD.AA DOC 75cl,"15,87 € / L","11,90€","Vino, birra e altri alcolici",Vino bianco
GEWURZTRAMINER HUZNAR 75cl,"5,31 € / L","3,98€","Vino, birra e altri alcolici",Vino bianco
GRECO TUFO MASTROBERARD.DOCG 75cl,"15,53 € / L","11,65€","Vino, birra e altri alcolici",Vino bianco
GRILLO DOC QUATTRO QUARTI 75cl,"7,99 € / L","5,99€","Vino, birra e altri alcolici",Vino bianco
LUGANA BIANCA DOC NEGRAR 75cl,"10,00 € / L","7,50€","Vino, birra e altri alcolici",Vino bianco
LUGANA BROLETTINO CA'DE FRATI 75cl,"24,73 € / L","18,55€","Vino, birra e altri alcolici",Vino bianco
LUGANA COLLO LUNGO DOP VISCONTI75cl,"12,25 € / L","9,19€","Vino, birra e altri alcolici",Vino bianco
LUGANA DOC FRACCAROLI 75cl,"12,47 € / L","9,35€","Vino, birra e altri alcolici",Vino bianco
LUGANA DOP CA'MAIOL 75cl,"14,40 € / L","10,80€","Vino, birra e altri alcolici",Vino bianco
LUGANA SIRMIONE DOC AVANZI 75cl,"14,33 € / L","10,75€","Vino, birra e altri alcolici",Vino bianco
MALV.DOLCE PC DOC VICOBARONE 75cl,"5,45 € / L","4,09€","Vino, birra e altri alcolici",Vino bianco
MALV.SECCA PC DOC VICOBARONE 75cl,"5,45 € / L","4,09€","Vino, birra e altri alcolici",Vino bianco
MALVASIA DOLCE PC DOC GRAPPOLO 75cl,"5,85 € / L","4,39€","Vino, birra e altri alcolici",Vino bianco
MALVASIA SECCA PC DOC GRAPPOLO 75cl,"5,85 € / L","4,39€","Vino, birra e altri alcolici",Vino bianco
MULLER THURGAU CORTE ALLEGRA 75cl,"3,40 € / L","2,55€","Vino, birra e altri alcolici",Vino bianco
MULLER THURGAU DOC MEZ.CORONA 75cl,"6,47 € / L","4,85€","Vino, birra e altri alcolici",Vino bianco
ORTRUGO C/PIAC.CASABELLA DOC 75cl,"5,47 € / L","4,10€","Vino, birra e altri alcolici",Vino bianco
ORTRUGO DOC C.PIAC.CA'MATTA 75cl,"5,27 € / L","3,95€","Vino, birra e altri alcolici",Vino bianco
ORTRUGO DOC CANT.MANZINI VP 75cl,"5,19 € / L","3,89€","Vino, birra e altri alcolici",Vino bianco
ORTRUGO DOC ZERIOLI 75 cl  VAP,"5,19 € / L","3,89€","Vino, birra e altri alcolici",Vino bianco
ORVIETO DOC SENSI BT 75cl,"6,13 € / L","4,60€","Vino, birra e altri alcolici",Vino bianco
PASSER.OFFID.DOCG BIO DEANGELIS75cl,"7,67 € / L","5,75€","Vino, birra e altri alcolici",Vino bianco
PECORINO OFFIDA DOCBIOCARASSAN.75cl,"8,79 € / L","6,59€","Vino, birra e altri alcolici",Vino bianco
PINOT GR.GARDA DOC MONTEFIORE75cl,"6,60 € / L","4,95€","Vino, birra e altri alcolici",Vino bianco
PINOT GRIGIO DELLE VENEZIE DOC 75cl,"7,00 € / L","5,25€","Vino, birra e altri alcolici",Vino bianco
PINOT GRIGIO PV IGT MAGGI 75cl,"3,13 € / L","2,35€","Vino, birra e altri alcolici",Vino bianco
RIBOLLA G.BRUT TERRE NARDIN 75cl,"8,12 € / L","6,09€","Vino, birra e altri alcolici",Vino bianco
RIBOLLA GIALLA IGT VILLA FOLINI 75c,"11,73 € / L","8,80€","Vino, birra e altri alcolici",Vino bianco
RIESLING FRIZZ.PV IGT MAGGI 75cl,"3,13 € / L","2,35€","Vino, birra e altri alcolici",Vino bianco
ROERO ARNEIS DOCG DUC.LIA 75cl,"10,33 € / L","7,75€","Vino, birra e altri alcolici",Vino bianco
SAUVIGNON BCO GRIES 75cl,"15,87 € / L","11,90€","Vino, birra e altri alcolici",Vino bianco
SAUVIGNON VENETO IGT VERGA 75cl,"6,60 € / L","4,95€","Vino, birra e altri alcolici",Vino bianco
SOAVE CLASS.(CRU')FITTA'DOC 75cl,"8,60 € / L","6,45€","Vino, birra e altri alcolici",Vino bianco
SOAVE DOC SARTORI 75cl,"5,32 € / L","3,99€","Vino, birra e altri alcolici",Vino bianco
SPUM.BRUT DOC MOSCATO LA VERSA 75cl,"6,73 € / L","5,05€","Vino, birra e altri alcolici",Vino bianco
TRAMINER DOC MEZ.CORONA 75 cl,"8,93 € / L","6,70€","Vino, birra e altri alcolici",Vino bianco
TREBBIANO RUBICONE DONELLI 75cl,"3,32 € / L","2,49€","Vino, birra e altri alcolici",Vino bianco
VERMENTINO ARAGOSTA DOC 75cl,"8,67 € / L","6,50€","Vino, birra e altri alcolici",Vino bianco
VERMENTINO DOC - TERRE DI LUNA 75cl,"8,60 € / conf","8,60€","Vino, birra e altri alcolici",Vino bianco
VERMENTINO DOC SELLA&MOSCA 75cl,"10,93 € / L","8,20€","Vino, birra e altri alcolici",Vino bianco
VERMENTINO FUNTANALIRAS 75cl,"14,33 € / L","10,75€","Vino, birra e altri alcolici",Vino bianco
VERMENTINO SPERA DOCG SIDDURA 75cl,"18,00 € / L","13,50€","Vino, birra e altri alcolici",Vino bianco
VERNACCIA S.GIMIN.DOCG SENSI 75cl,"7,93 € / L","5,95€","Vino, birra e altri alcolici",Vino bianco
Civ&Civ Rosé Lambrusco di Modena DOC Rosato Semisecco 750 ml,"4,79 € / L","3,59€","Vino, birra e altri alcolici",Vino rosè
Santa Cristina Giardino Rosé Toscana IGT 750 ml,"10,25 € / L","7,69€","Vino, birra e altri alcolici",Vino rosè
LI TAMARICI Negroamaro Rosato Salento IGT 75 cl,"5,31 € / L","3,98€","Vino, birra e altri alcolici",Vino rosè
TRODO ANTICO Rosé Trevenezie IGT Vino Frizzante 75 cl,"4,65 € / L","3,49€","Vino, birra e altri alcolici",Vino rosè
Lamberti Turà Rosa Trevenezie IGT Vino Frizzante 750 ml,4.1 € / L,"2,19€","Vino, birra e altri alcolici",Vino rosè
Cantine Maschio Pinot Rosa Trevenezie IGT Vino Frizzante 75 cl,"4,65 € / L","3,49€","Vino, birra e altri alcolici",Vino rosè
Civ&Civ Garzellino Frizzante Rosato Secco 75 cl,"3,67 € / L","2,75€","Vino, birra e altri alcolici",Vino rosè
"Gotto d'oro Rosato Lazio IGT 1,5 L","2,53 € / L","3,79€","Vino, birra e altri alcolici",Vino rosè
Settesoli Syrah Rosé Terre Siciliane IGT 75 cl,"6,12 € / L","4,59€","Vino, birra e altri alcolici",Vino rosè
CHIARETTO GARDA DOC BELLERIVE 75cl,"11,05 € / L","8,29€","Vino, birra e altri alcolici",Vino rosè
PINOT GR.ROSE' DELISA IGT NOSIO75cl,"9,20 € / L","6,90€","Vino, birra e altri alcolici",Vino rosè
ROSA DEI FRATI CA'DE FRATI 75cl,"16,33 € / L","12,25€","Vino, birra e altri alcolici",Vino rosè
ROSATELLO RUFFINO 75cl,"7,05 € / L","5,29€","Vino, birra e altri alcolici",Vino rosè
ROSATO IGT TOSCANA TUA ROSA 6x75cl,"54,32 € / L","40,74€","Vino, birra e altri alcolici",Vino rosè
ROSATO IGT TOSCANA TUA ROSA 75cl,"9,05 € / L","6,79€","Vino, birra e altri alcolici",Vino rosè
ROSATO LAGREIN MEZ.CORONA 75 cl,"8,25 € / L","6,19€","Vino, birra e altri alcolici",Vino rosè
ROSATO T.SICILIA IGT CAPOVERO 75cl,"6,53 € / L","4,90€","Vino, birra e altri alcolici",Vino rosè
LI RACI Pantelleria DOC Passito Liquoroso 50 cl,"13,58 € / L","6,79€","Vino, birra e altri alcolici",Vino passito/aromatizzato
Florio Grecale Moscato IGP Terre Siciliane 75 cl,"9,19 € / L","6,89€","Vino, birra e altri alcolici",Vino passito/aromatizzato
Pellegrino Pantelleria Passito Liquoroso DOC 50 cl,"13,98 € / L","6,99€","Vino, birra e altri alcolici",Vino passito/aromatizzato
Pellegrino Superiore Old Marsala Ambra Secco DOP 500 ml,"10,50 € / L","5,25€","Vino, birra e altri alcolici",Vino passito/aromatizzato
Pellegrino Vino Liquoroso Zibibbo Terre Siciliane IGP 50 cl,"7,30 € / L","3,65€","Vino, birra e altri alcolici",Vino passito/aromatizzato
RECIOTO CLASS.SOAVE DOCG CADIS 50cl,"23,80 € / L","11,90€","Vino, birra e altri alcolici",Vino passito/aromatizzato
MARSALA GIAROLA FINE 75cl  G17,"8,67 € / L","6,50€","Vino, birra e altri alcolici",Vino passito/aromatizzato
MARSALA GIAROLA OVO 75 cl,"9,32 € / L","6,99€","Vino, birra e altri alcolici",Vino passito/aromatizzato
VERMOUTH ROSSO MARTELLETTI 18° 75cl,"13,60 € / L","10,20€","Vino, birra e altri alcolici",Vino passito/aromatizzato
Cantine Ronco Beccaccia Bianco 5 l,"2,28 € / L","11,40€","Vino, birra e altri alcolici",Vino comune
Cantine Ronco Beccaccia Rosso 5 l,"2,28 € / L","11,40€","Vino, birra e altri alcolici",Vino comune
Vino Bianco 1 l Conad,"1,65 € / L","1,65€","Vino, birra e altri alcolici",Vino comune
"Vino Bianco 3 x 0,25 l Conad","2,39 € / L","1,79€","Vino, birra e altri alcolici",Vino comune
Vino Rosè 1 l Conad,"1,65 € / L","1,65€","Vino, birra e altri alcolici",Vino comune
Vino Rosso 1 l Conad,"1,65 € / L","1,65€","Vino, birra e altri alcolici",Vino comune
"Vino Rosso 3 x 0,25 l Conad","2,39 € / L","1,79€","Vino, birra e altri alcolici",Vino comune
Castellino Bianco d'Italia 1 l,"2,05 € / L","2,05€","Vino, birra e altri alcolici",Vino comune
Castellino Rosso d'Italia 1 l,"2,05 € / L","2,05€","Vino, birra e altri alcolici",Vino comune
San Crispino Bianco d'Italia 1 l,"1,85 € / L","1,85€","Vino, birra e altri alcolici",Vino comune
San Crispino Rosso d'Italia 1 l,"1,85 € / L","1,85€","Vino, birra e altri alcolici",Vino comune
Tavernello Bianco d'Italia 1 l,"1,69 € / L","1,69€","Vino, birra e altri alcolici",Vino comune
Tavernello Rosso d'Italia 1 l,"1,69 € / L","1,69€","Vino, birra e altri alcolici",Vino comune
Gaiolo della Manda Vino Frizzante Bianco Secco 75 cl,"3,93 € / L","2,95€","Vino, birra e altri alcolici",Vino comune
"Vino Frizzante 1,5 l Conad","2,53 € / L","3,79€","Vino, birra e altri alcolici",Vino comune
Bella Tavola Bianco 1 L,"3,60 € / L","3,60€","Vino, birra e altri alcolici",Vino comune
Bella Tavola Rosso 1 L,"3,60 € / L","3,60€","Vino, birra e altri alcolici",Vino comune
Berlucchi Bianco Imperiale 75 cl,"10,60 € / L","7,95€","Vino, birra e altri alcolici",Vino comune
Settesoli il Frizzantino 75 cl,"5,85 € / L","4,39€","Vino, birra e altri alcolici",Vino comune
Tavernello Bianco Frizzante 750 ml,"4,13 € / L","3,10€","Vino, birra e altri alcolici",Vino comune
BIANCO TAVOLA VERGA DAMA PET 5l,"1,46 € / L","7,29€","Vino, birra e altri alcolici",Vino comune
VINO TAV.ROSSO VITE D'OR DAMA 5l,"10050,00 € / L","10,05€","Vino, birra e altri alcolici",Vino comune
Mateus Rosé 750 ml,"5,59 € / L","4,19€","Vino, birra e altri alcolici",Vino estero
WINE DE CALIFORNIE RED 75cl,"7,80 € / L","5,85€","Vino, birra e altri alcolici",Vino estero
11 Paralleli Chiara Doppio Malto 3 x 33 cl,2.8 € / L,"2,35€","Vino, birra e altri alcolici",Birre
11 Paralleli Bionda 3 x 33 cl,"2,37 € / L","2,35€","Vino, birra e altri alcolici",Birre
11 Paralleli Bionda 33 cl,"2,09 € / L","0,69€","Vino, birra e altri alcolici",Birre
11 Paralleli Bionda 50 cl,"1,78 € / L","0,89€","Vino, birra e altri alcolici",Birre
11 Paralleli Bionda 66 cl,"1,74 € / L","1,15€","Vino, birra e altri alcolici",Birre
11 Paralleli Bionda Non Filtrata 50 cl,"2,58 € / L","1,29€","Vino, birra e altri alcolici",Birre
11 Paralleli Bionda Strong 50 cl,"2,30 € / L","1,15€","Vino, birra e altri alcolici",Birre
I Cavalieri Bionda Artigianale 50 cl,"5,98 € / L","2,99€","Vino, birra e altri alcolici",Birre
I Cavalieri Doppio Malto Artigianale 50 cl,"5,98 € / L","2,99€","Vino, birra e altri alcolici",Birre
I Cavalieri Ipa Artigianale 50 cl,"5,98 € / L","2,99€","Vino, birra e altri alcolici",Birre
I Cavalieri Rossa Artigianale 50 cl,"5,98 € / L","2,99€","Vino, birra e altri alcolici",Birre
8.6 Extreme 500 mL,3.4 € / Kg,"1,39€","Vino, birra e altri alcolici",Birre
8.6 I.P.L 500 mL,3.4 € / Kg,"1,39€","Vino, birra e altri alcolici",Birre
8.6 Red 500 mL,3.4 € / Kg,"1,39€","Vino, birra e altri alcolici",Birre
"Asahi Super ""Dry"" 500 ml",5.2 € / L,"1,99€","Vino, birra e altri alcolici",Birre
Bavaria Premium Beer 5.0% 500 mL,2.0 € / L,"0,84€","Vino, birra e altri alcolici",Birre
BECK'S UNFILTERED Birra pilsner tedesca bottiglia 50cl,"3,30 € / L","1,29€","Vino, birra e altri alcolici",Birre
BIRRA DEL BORGO LISA Birra lager bottiglia 50cl,3.3 € / L,"1,29€","Vino, birra e altri alcolici",Birre
Birra Messina 3 x 33 cl,2.8 € / L,"2,29€","Vino, birra e altri alcolici",Birre
Birra Moretti Grand Cru 75 cl,5.6 € / L,"3,19€","Vino, birra e altri alcolici",Birre
Ceres Extreme Ten 10 33 cl,5.4 € / L,"1,39€","Vino, birra e altri alcolici",Birre
Ceres Extreme Ten 10 50 cl,4.0 € / L,"1,49€","Vino, birra e altri alcolici",Birre
"Ceres Mosaic Ipa 5,7 33 cl","5,42 € / L","1,39€","Vino, birra e altri alcolici",Birre
"Ceres Strong Ale 7,7 33 cl",5.3 € / L,"1,39€","Vino, birra e altri alcolici",Birre
"Ceres Strong Ale 7,7 50 CL","3,98 € / L","1,49€","Vino, birra e altri alcolici",Birre
"Ceres Unfiltered 6,9 33cl",5.4 € / L,"1,39€","Vino, birra e altri alcolici",Birre
Desperados Original 33 cl,4.8 € / L,"1,29€","Vino, birra e altri alcolici",Birre
Faxe 10% 500 mL,2.7 € / L,"1,19€","Vino, birra e altri alcolici",Birre
Fischer Blonde Tradition 65 cl,4.0 € / L,"2,09€","Vino, birra e altri alcolici",Birre
Guinness Draught Stout 4 x 330 ml,3.8 € / L,"3,99€","Vino, birra e altri alcolici",Birre
Heineken Original 3 x 33 CL,3.1 € / L,"2,69€","Vino, birra e altri alcolici",Birre
Heineken Original 66 cl,2.3 € / L,"1,29€","Vino, birra e altri alcolici",Birre
Heineken Silver 330 ml,3.3 € / L,"0,85€","Vino, birra e altri alcolici",Birre
Ichnusa 3 x 33 cl,2.6 € / L,"1,99€","Vino, birra e altri alcolici",Birre
Ichnusa Non Filtrata 50 cl,3.0 € / L,"1,25€","Vino, birra e altri alcolici",Birre
Kozel Lager Dark 500 ml,3.1 € / L,"1,18€","Vino, birra e altri alcolici",Birre
Kozel Premium Lager 500 ml,3.1 € / L,"1,18€","Vino, birra e altri alcolici",Birre
Lagunitas IPA India Pale Ale 355 ml,7.4 € / L,"1,99€","Vino, birra e altri alcolici",Birre
LEFFE BLONDE Birra bionda belga d'abbazia doppio malto bottiglia 75cl,5.3 € / L,"3,39€","Vino, birra e altri alcolici",Birre
LEFFE ROUGE Birra rossa belga d'abbazia doppio malto bottiglia 75cl,5.3 € / L,"3,39€","Vino, birra e altri alcolici",Birre
Menabrea Original 66 cl OWN,2.2 € / L,"1,09€","Vino, birra e altri alcolici",Birre
Peroni Birra 66 cl,2.1 € / L,"0,99€","Vino, birra e altri alcolici",Birre
Peroni Senza Glutine 3 x 33 cl,3.5 € / L,"2,98€","Vino, birra e altri alcolici",Birre
Slalom Strong 9° 33 cl,4.2 € / L,"1,09€","Vino, birra e altri alcolici",Birre
"Warsteiner Premium Beer 0,66 l",2.5 € / L,"1,19€","Vino, birra e altri alcolici",Birre
8.6 Gold 500 mL,"3,50 € / Kg","1,75€","Vino, birra e altri alcolici",Birre
8.6 Original 500 mL,"3,20 € / Kg","1,60€","Vino, birra e altri alcolici",Birre
Augustinerbräu München Lagerbier Hell 50 cl,"4,98 € / L","2,49€","Vino, birra e altri alcolici",Birre
Bavaria Premium Beer 5.0% 4 x 330 mL,"2,19 € / Kg","2,89€","Vino, birra e altri alcolici",Birre
Bavaria Premium Beer 5.0% 660 mL,"1,74 € / Kg","1,15€","Vino, birra e altri alcolici",Birre
Beck's Birra pilsner tedesca bottiglia 3x33cl,"2,88 € / L","2,85€","Vino, birra e altri alcolici",Birre
Beck's Birra pilsner tedesca bottiglia 66cl,"2,71 € / L","1,79€","Vino, birra e altri alcolici",Birre
Birra Messina Cristalli di Sale 50 cl,"3,18 € / L","1,59€","Vino, birra e altri alcolici",Birre
Birra Moretti al Limone 3 x 33 cl,"3,12 € / L","3,09€","Vino, birra e altri alcolici",Birre
Birra Moretti Filtrata a Freddo 55 cl,"2,89 € / L","1,59€","Vino, birra e altri alcolici",Birre
Birra Moretti la Bianca 5.0 3 x 33 cl,"3,32 € / L","3,29€","Vino, birra e altri alcolici",Birre
Birra Moretti la Rossa 7.2 3 x 33 cl,"3,32 € / L","3,29€","Vino, birra e altri alcolici",Birre
Birra Moretti Ricetta Originale 2 x 33 cl,"2,65 € / L","1,75€","Vino, birra e altri alcolici",Birre
Birra Moretti Ricetta Originale 3 x 33 cl,"2,68 € / L","2,65€","Vino, birra e altri alcolici",Birre
Birra Moretti Ricetta Originale 66 cl,"2,11 € / L","1,39€","Vino, birra e altri alcolici",Birre
Birrificio Angelo Poretti Birra 3 Luppoli 66 cl,"1,67 € / L","1,10€","Vino, birra e altri alcolici",Birre
Birrificio Angelo Poretti Birra 5 Luppoli Bock Chiara 3x 33 cl,"2,82 € / L","2,79€","Vino, birra e altri alcolici",Birre
Birrificio Angelo Poretti Birra 6 Luppoli Bock Rossa 3x 33 cl,"2,82 € / L","2,79€","Vino, birra e altri alcolici",Birre
Birrificio Angelo Poretti Le Originali 4 con 4° Luppolo Italiano 33clx3,"2,37 € / L","2,35€","Vino, birra e altri alcolici",Birre
Birrificio Angelo Poretti Le Originali 4 con 4° Luppolo Italiano 66 cl,"2,27 € / L","1,50€","Vino, birra e altri alcolici",Birre
BUD Birra lager americana bottiglia 3x33cl,"3,42 € / L","3,39€","Vino, birra e altri alcolici",Birre
"Ceres Hempiness 5,0 50 cl","3,98 € / L","1,99€","Vino, birra e altri alcolici",Birre
"Ceres Mosaic IPA 5,7 33 cl","4,70 € / L","1,55€","Vino, birra e altri alcolici",Birre
"Ceres Strong Ale 7,7 3 x 33 cl","5,14 € / L","5,09€","Vino, birra e altri alcolici",Birre
"Ceres Strong Ale 7,7 66 cl","4,47 € / L","2,95€","Vino, birra e altri alcolici",Birre
CORONA EXTRA Birra lager messicana lattina 33cl,"3,79 € / L","1,25€","Vino, birra e altri alcolici",Birre
Dreher 66 cl,"1,95 € / L","1,29€","Vino, birra e altri alcolici",Birre
Dreher Radler 3 x 33 cl,"2,72 € / L","2,69€","Vino, birra e altri alcolici",Birre
Faxe Mosaic IPA 500 mL,"2,90 € / L","1,45€","Vino, birra e altri alcolici",Birre
Faxe Premium 1000 mL,"2,69 € / L","2,69€","Vino, birra e altri alcolici",Birre
Forst Premium 66 cl OWN,"1,74 € / L","1,15€","Vino, birra e altri alcolici",Birre
FRANZISKANER Birra weisse bavarese bottiglia 50cl,"2,78 € / L","1,39€","Vino, birra e altri alcolici",Birre
"FRANZISKANER DUNKEL Birra weisse bavarese bottiglia 0,5L","2,78 € / L","1,39€","Vino, birra e altri alcolici",Birre
Heineken Mini 8 x 15 CL,"3,88 € / L","4,65€","Vino, birra e altri alcolici",Birre
Heineken Original 33 cl,"3,30 € / L","1,09€","Vino, birra e altri alcolici",Birre
Heineken Original 5 L,"3,58 € / L","17,90€","Vino, birra e altri alcolici",Birre
Heineken Original 50 cl,"3,30 € / L","1,65€","Vino, birra e altri alcolici",Birre
Ichnusa 66 cl,"2,35 € / L","1,55€","Vino, birra e altri alcolici",Birre
Ichnusa Ambra Limpida 45 cl,"4,42 € / L","1,99€","Vino, birra e altri alcolici",Birre
Ichnusa Non Filtrata 4 x 20 cl,"48,12 € / L","3,85€","Vino, birra e altri alcolici",Birre
LEFFE AMBRÈE Birra ambrata belga d'abbazia doppio malto bottiglia 33cl,"5,45 € / L","1,80€","Vino, birra e altri alcolici",Birre
Leffe Blonde Birra bionda belga d'abbazia doppio malto bottiglia 33cl,"5,42 € / L","1,79€","Vino, birra e altri alcolici",Birre
LEFFE ROUGE Birra rossa belga d'abbazia doppio malto bottiglia 33cl,"5,91 € / L","1,95€","Vino, birra e altri alcolici",Birre
LEFFE TRIPLE Birra dorata belga d'abbazia doppio malto non filtrata bottiglia 33cl,"6,03 € / L","1,99€","Vino, birra e altri alcolici",Birre
Menabrea Original 33 cl OWL x 3,"2,37 € / L","2,35€","Vino, birra e altri alcolici",Birre
"Paulaner Weissbier 0,5 l","2,90 € / L","1,45€","Vino, birra e altri alcolici",Birre
Peroni 175° Anniversario Birra 3 x 33 cl,"2,52 € / L","2,49€","Vino, birra e altri alcolici",Birre
Peroni 2 x 33 cl,"2,71 € / L","1,79€","Vino, birra e altri alcolici",Birre
Peroni Chill Lemon 3 x 33 cl,"2,27 € / L","2,25€","Vino, birra e altri alcolici",Birre
Peroni Cruda birra 50 cl,"2,98 € / L","1,49€","Vino, birra e altri alcolici",Birre
Peroni Nastro Azzurro Birra 62 cl,"2,50 € / L","1,55€","Vino, birra e altri alcolici",Birre
Peroni Nastro Azzurro Birra Lattina 2 x 33,"3,32 € / L","2,19€","Vino, birra e altri alcolici",Birre
Peroni Nastro Azzurro Italiana 3 x 33 cl,"2,98 € / L","2,95€","Vino, birra e altri alcolici",Birre
Peroni Non Filtrata birra 50 cl,"3,18 € / L","1,59€","Vino, birra e altri alcolici",Birre
STELLA ARTOIS Birra lager belga bottiglia 3x33cl,"2,98 € / L","2,95€","Vino, birra e altri alcolici",Birre
STELLA ARTOIS Birra lager belga bottiglia 66cl,"2,50 € / L","1,65€","Vino, birra e altri alcolici",Birre
"TENNENT'S SUPER Birra strong lager doppio malto bottiglia 35,5cl","3,58 € / L","1,79€","Vino, birra e altri alcolici",Birre
Tuborg Birra Fresca ComeAllaSpina 3x 33 cl,"2,17 € / L","2,15€","Vino, birra e altri alcolici",Birre
Tuborg Birra Fresca ComeAllaSpina 66 cl,"1,89 € / L","1,25€","Vino, birra e altri alcolici",Birre
Von Wunster Classica 2 x 33 cl,"2,95 € / L","1,95€","Vino, birra e altri alcolici",Birre
"Warsteiner Premium Beer 3 x 0,33 l","3,18 € / L","3,15€","Vino, birra e altri alcolici",Birre
Wührer 66 cl,"1,95 € / L","1,29€","Vino, birra e altri alcolici",Birre
Tourtel Birra Analcolica 66 cl,2.1 € / L,"0,99€","Vino, birra e altri alcolici",Birre
Bavaria 0.0% Birra Analcolica bott.660ml,"2,41 € / Kg","1,59€","Vino, birra e altri alcolici",Birre
Birra Moretti la Zero % Vol 3 x 33 cl,"2,72 € / L","2,69€","Vino, birra e altri alcolici",Birre
Heineken 0.0 3 x 33 cl,"3,12 € / L","3,09€","Vino, birra e altri alcolici",Birre
Peroni Nastro Azzurro 0.0% Birra Analcolica 3 x 33 cl,"2,92 € / L","2,89€","Vino, birra e altri alcolici",Birre
BIRRA ITA PEDAVENA BT 3x33cl,2.9 € / L,"1,99€","Vino, birra e altri alcolici",Birre
BIRRA WEISSE BIO RIEDENBURGER 50cl,"4,365.9 € / L","1,79€","Vino, birra e altri alcolici",Birre
BUDWEISER BUDVAR LAGER BOT.50cl,2.9 € / L,"1,19€","Vino, birra e altri alcolici",Birre
BIRRA CAPRI NASTRO AZZURRO BT 33cl,"3,91 € / L","1,29€","Vino, birra e altri alcolici",Birre
BIRRA CASTELLO DECISA 66cl,"1,95 € / L","1,29€","Vino, birra e altri alcolici",Birre
BIRRA ITA PEDAVENA BOTT.66cl,"2,26 € / L","1,49€","Vino, birra e altri alcolici",Birre
BIRRA LAGER BLOND HB ORIGINAL 50cl,"3980,00 € / L","1,99€","Vino, birra e altri alcolici",Birre
BIRRA MENABREA ANNIVERSARIO BT 33cl,"3,91 € / L","1,29€","Vino, birra e altri alcolici",Birre
BIRRA MENABREA ANNIVERSARIO BT 66cl,"2,71 € / L","1,79€","Vino, birra e altri alcolici",Birre
BIRRA PEDAVENA SPECIALE BT.50cl,"3,38 € / L","1,69€","Vino, birra e altri alcolici",Birre
G.H.Mumm Champagne Brut Cordon Rouge 750 ml,"42,53 € / L","31,90€","Vino, birra e altri alcolici","Prosecco, spumanti e champagne"
Casaniere Asti DOCG Dolce 75 cl,"7,32 € / L","5,49€","Vino, birra e altri alcolici","Prosecco, spumanti e champagne"
Frèt Brachetto d'Acqui DOCG Dolce 75 cl,"9,20 € / L","6,90€","Vino, birra e altri alcolici","Prosecco, spumanti e champagne"
Cinzano Asti D.O.C.G. 75 cl,"9,53 € / L","7,15€","Vino, birra e altri alcolici","Prosecco, spumanti e champagne"
Martini Asti D.O.C.G. 750 ml,"9,27 € / L","6,95€","Vino, birra e altri alcolici","Prosecco, spumanti e champagne"
COSTALTA Müller Thurgau Vigneti delle Dolomiti IGT Brut 75 cl,"5,99 € / L","4,49€","Vino, birra e altri alcolici","Prosecco, spumanti e champagne"
Dame Tervise Pinot Chardonnay Brut 75 cl,"6,20 € / L","4,65€","Vino, birra e altri alcolici","Prosecco, spumanti e champagne"
Dame Tervise Prosecco DOC Extra Dry 3 x 20 cl,"9,92 € / L","5,95€","Vino, birra e altri alcolici","Prosecco, spumanti e champagne"
DAME TERVISE Prosecco DOC Rosé Extra Dry Millesimato 75 cl,"7,99 € / L","5,99€","Vino, birra e altri alcolici","Prosecco, spumanti e champagne"
Dame Tervise Prosecco DOC Treviso Extra Dry 75 cl,"7,32 € / L","5,49€","Vino, birra e altri alcolici","Prosecco, spumanti e champagne"
Tenimenti Dogali Conegliano Valdobbiadene Prosecco Superiore DOCG Extra Dry 75 cl,"8,39 € / L","6,29€","Vino, birra e altri alcolici","Prosecco, spumanti e champagne"
Cantine Maschio Valdobbiadene Prosecco Superiore D.O.C.G. Millesimato Extra Dry 75 cl,9.2 € / L,"5,48€","Vino, birra e altri alcolici","Prosecco, spumanti e champagne"
Cantine Maschio Prosecco D.O.C. Vino Spumante Extra Dry 3 x 20 cl,"8,32 € / L","4,99€","Vino, birra e altri alcolici","Prosecco, spumanti e champagne"
Cantine Maschio Prosecco DOC Rosé Extra Dry Millesimato 75 cl,"7,45 € / L","5,59€","Vino, birra e altri alcolici","Prosecco, spumanti e champagne"
Cantine Maschio Prosecco DOC Treviso Extra Dry 75 cl,"7,45 € / L","5,59€","Vino, birra e altri alcolici","Prosecco, spumanti e champagne"
Carpenè-Malvolti Conegliano Valdobbiadene Prosecco Superiore D.O.C.G. Extra Dry 1500 ML astucciato,"5,10 € / L","7,65€","Vino, birra e altri alcolici","Prosecco, spumanti e champagne"
Carpenè-Malvolti Conegliano Valdobbiadene Prosecco Superiore D.O.C.G. Extra Dry 750 ml,"10,40 € / L","7,80€","Vino, birra e altri alcolici","Prosecco, spumanti e champagne"
Cavit Trento Spumante Brut Müller Thurgau Vigneti delle Dolomiti IGT 75 cl,"5,72 € / L","4,29€","Vino, birra e altri alcolici","Prosecco, spumanti e champagne"
Tosti Prosecco DOC Extra Dry 750 ml,"7,99 € / L","5,99€","Vino, birra e altri alcolici","Prosecco, spumanti e champagne"
Valdo Elevantum Valdobbiadene Superiore di Cartizze DOCG Dry 750 ml,"18,60 € / L","13,95€","Vino, birra e altri alcolici","Prosecco, spumanti e champagne"
Valdo Garda DOC Brut 750 ml,"7,87 € / L","5,90€","Vino, birra e altri alcolici","Prosecco, spumanti e champagne"
Valdo Marca Oro Valdobbiadene Prosecco Superiore DOCG Extra Dry 750 ml,"10,60 € / L","7,95€","Vino, birra e altri alcolici","Prosecco, spumanti e champagne"
Valdo Prosecco DOC Extra Dry 750 ml,"8,65 € / L","6,49€","Vino, birra e altri alcolici","Prosecco, spumanti e champagne"
Zonin Prosecco D.O.C. Extra Dry 3 x 200 ml,"8,65 € / L","5,19€","Vino, birra e altri alcolici","Prosecco, spumanti e champagne"
Zonin Prosecco D.O.C. Extra Dry 750 ml,"6,79 € / L","5,09€","Vino, birra e altri alcolici","Prosecco, spumanti e champagne"
Berlucchi Cuvée Imperiale Franciacorta D.O.C.G. Brut 750 mL,"19,47 € / L","14,60€","Vino, birra e altri alcolici","Prosecco, spumanti e champagne"
Berlucchi Cuvée Imperiale Franciacorta Max Rosé D.O.C.G. Extra Dry 750 mL,"23,87 € / L","17,90€","Vino, birra e altri alcolici","Prosecco, spumanti e champagne"
"Ferrari Brut Trentodoc 0,75 l","21,27 € / L","15,95€","Vino, birra e altri alcolici","Prosecco, spumanti e champagne"
Santa Cristina Brut Metodo Classico 750 ml,"12,67 € / L","9,50€","Vino, birra e altri alcolici","Prosecco, spumanti e champagne"
CHAMP.VEUVE CLICQUOT 75cl,"53,20 € / L","39,90€","Vino, birra e altri alcolici","Prosecco, spumanti e champagne"
CHAMPAGNE MOET&CHANDON ASTUCC.75cl,"50,53 € / L","37,90€","Vino, birra e altri alcolici","Prosecco, spumanti e champagne"
MOSCATO SP.TWIST SANTERO BT 75cl,"6,39 € / L","4,79€","Vino, birra e altri alcolici","Prosecco, spumanti e champagne"
SPUM.MOSCATO DOLCE DUCHES.LIA 75cl,"5,73 € / L","4,30€","Vino, birra e altri alcolici","Prosecco, spumanti e champagne"
"SP.PROS.DOC E.DRY FRAIXENET 1,5l",13.2 € / L,"14,40€","Vino, birra e altri alcolici","Prosecco, spumanti e champagne"
FRANCIACOR.BRUT DOCG LA MONTINA75cl,"31,87 € / L","23,90€","Vino, birra e altri alcolici","Prosecco, spumanti e champagne"
FRANCIACORTA SATEN LA MONTINA 75cl,"39,87 € / L","29,90€","Vino, birra e altri alcolici","Prosecco, spumanti e champagne"
M.C.RICOSSA A.LANGA DOCG MIL75cl,"23,87 € / L","17,90€","Vino, birra e altri alcolici","Prosecco, spumanti e champagne"
PROS.BRUT MILLES.CA'VAL.DOCG 75cl,"9,72 € / L","7,29€","Vino, birra e altri alcolici","Prosecco, spumanti e champagne"
PROS.DOC ROSE' GIACOBAZZI 75cl,"13,20 € / L","9,90€","Vino, birra e altri alcolici","Prosecco, spumanti e champagne"
PROS.E.DRY DOC ROCCA ROSSA 75cl,"7,59 € / L","5,69€","Vino, birra e altri alcolici","Prosecco, spumanti e champagne"
PROS.E.DRY MILL.VAL D'OCA DOCG 75cl,"13,07 € / L","9,80€","Vino, birra e altri alcolici","Prosecco, spumanti e champagne"
PROS.LEGATURA DOC TV MIONETTO 75cl,"11,80 € / L","8,85€","Vino, birra e altri alcolici","Prosecco, spumanti e champagne"
PROS.ROSE'DOC BRUT ROCCA ROSSA75cl,"7,59 € / L","5,69€","Vino, birra e altri alcolici","Prosecco, spumanti e champagne"
PROS.ROSE'MILLES.CA'VAL.DOC 75cl,"9,72 € / L","7,29€","Vino, birra e altri alcolici","Prosecco, spumanti e champagne"
PROS.SPAGO GIOIOSA DOC TREVISO 75cl,"9,53 € / L","7,15€","Vino, birra e altri alcolici","Prosecco, spumanti e champagne"
PROS.SUP.RIVE C.BERT.CA'VAL. 75cl,"11,67 € / L","8,75€","Vino, birra e altri alcolici","Prosecco, spumanti e champagne"
PROSECCO BIO DOC MIONETTO 75cl,"12,25 € / L","9,19€","Vino, birra e altri alcolici","Prosecco, spumanti e champagne"
PROSECCO DOC MILLES.VIL.FOLINI 75cl,"10,60 € / L","7,95€","Vino, birra e altri alcolici","Prosecco, spumanti e champagne"
PROSECCO DOCG MILLES.GIOIOSA 75cl,"11,72 € / L","8,79€","Vino, birra e altri alcolici","Prosecco, spumanti e champagne"
SPUM EX DRY COL.MESIAN MILLES.75cl,"5,00 € / L","3,75€","Vino, birra e altri alcolici","Prosecco, spumanti e champagne"
SPUM PINOT CHARD.DONELLI 75cl,"3,67 € / L","2,75€","Vino, birra e altri alcolici","Prosecco, spumanti e champagne"
SPUM.BOSCA ANNIVERSARY BRUT 75cl,"4,67 € / L","3,50€","Vino, birra e altri alcolici","Prosecco, spumanti e champagne"
SPUM.BOSCA ANNIVERSARY DOLCE 75cl,"4,67 € / L","3,50€","Vino, birra e altri alcolici","Prosecco, spumanti e champagne"
SPUM.CUVEE 910 COL MESIAN 75cl,"5,99 € / L","4,49€","Vino, birra e altri alcolici","Prosecco, spumanti e champagne"
SPUM.MAXIMILIAM MULLER THURGAU 75cl,"6,13 € / L","4,60€","Vino, birra e altri alcolici","Prosecco, spumanti e champagne"
SPUM.PROS.DOC E.DRY FREIXENET 75cl,"12,60 € / L","9,45€","Vino, birra e altri alcolici","Prosecco, spumanti e champagne"
SPUM.PROS.E.DRY ASOLO DOCG 75cl,"9,20 € / L","6,90€","Vino, birra e altri alcolici","Prosecco, spumanti e champagne"
SPUM.PROS.MIONETTO LINEA MO 75cl,"13,27 € / L","9,95€","Vino, birra e altri alcolici","Prosecco, spumanti e champagne"
SPUM.PROS.ROSE'DOC MILL.ASTORIA75cl,"9,59 € / L","7,19€","Vino, birra e altri alcolici","Prosecco, spumanti e champagne"
SPUM.PROSEC.VAL.DOCG ASTORIA 75cl,"10,53 € / L","7,90€","Vino, birra e altri alcolici","Prosecco, spumanti e champagne"
SPUM.PROSECCO DOCG MIONETTO 75cl,"12,93 € / L","9,70€","Vino, birra e altri alcolici","Prosecco, spumanti e champagne"
SPUMANTE SERGIO MIONETTO 75cl,"11,32 € / L","8,49€","Vino, birra e altri alcolici","Prosecco, spumanti e champagne"
FRANCIACORTA BRUT DUCA ISEO 75cl,"13,20 € / L","9,90€","Vino, birra e altri alcolici","Prosecco, spumanti e champagne"
MET.CLAS.BANDE NERE 75cl,"11,87 € / L","8,90€","Vino, birra e altri alcolici","Prosecco, spumanti e champagne"
MET.CLAS.BELLAVISTA/ALMA CUVEE 75cl,"37,07 € / L","27,80€","Vino, birra e altri alcolici","Prosecco, spumanti e champagne"
MET.CLAS.CONTADI CASTALDI BRUT 75cl,"21,67 € / L","16,25€","Vino, birra e altri alcolici","Prosecco, spumanti e champagne"
MET.CLAS.FRANC.BRUT TRIUMPH 75cl,"185,33 € / L","13,90€","Vino, birra e altri alcolici","Prosecco, spumanti e champagne"
MET.CLAS.ROTARI BRUT M.CORONA 75cl,"11,59 € / L","8,69€","Vino, birra e altri alcolici","Prosecco, spumanti e champagne"
MET.CLASS.CASTEL FAGLIA NATURE 75cl,"23,20 € / L","17,40€","Vino, birra e altri alcolici","Prosecco, spumanti e champagne"
Bacardi Mojito 250 ml,"8,60 € / L","2,15€","Vino, birra e altri alcolici",Liquori e distillati
Bombay Sapphire Gin & Tonic 250 ml,"8,60 € / L","2,15€","Vino, birra e altri alcolici",Liquori e distillati
Breezer Zesty Orange 250 ml,"7,96 € / L","1,99€","Vino, birra e altri alcolici",Liquori e distillati
Breezer Zingy Lime 250 ml,"7,96 € / L","1,99€","Vino, birra e altri alcolici",Liquori e distillati
Malibu 700 ml,"15,57 € / L","10,90€","Vino, birra e altri alcolici",Liquori e distillati
Disaronno Originale 70 cl,"17,11 € / L","11,98€","Vino, birra e altri alcolici",Liquori e distillati
Amaro Ausano Ramazzotti 70 cl,"14,14 € / L","9,90€","Vino, birra e altri alcolici",Liquori e distillati
Amaro Montenegro 70 cl,"19,13 € / L","13,39€","Vino, birra e altri alcolici",Liquori e distillati
Averna Amaro Siciliano 70 cl,"17,86 € / L","12,50€","Vino, birra e altri alcolici",Liquori e distillati
Borsci Elisir S. Marzano 70 cl,"18,36 € / L","12,85€","Vino, birra e altri alcolici",Liquori e distillati
Bràulio Amaro dello Stelvio 70 cl,"16,21 € / L","11,35€","Vino, birra e altri alcolici",Liquori e distillati
Caffo Vecchio Amaro del Capo 70 cl,"15,57 € / L","10,90€","Vino, birra e altri alcolici",Liquori e distillati
Cynar Amaro al Carciofo 70 cl,"14,57 € / L","10,20€","Vino, birra e altri alcolici",Liquori e distillati
Petrus Boonekamp l'Amarissimo 700 ml,"19,07 € / L","13,35€","Vino, birra e altri alcolici",Liquori e distillati
Zwack Unicum 70 cl,"16,93 € / L","11,85€","Vino, birra e altri alcolici",Liquori e distillati
Mirto di Sardegna Su Connottu 50 cl Sapori & Dintorni Conad,"18,50 € / L","9,25€","Vino, birra e altri alcolici",Liquori e distillati
Nocino di Modena Cuor d'Emilia 50 cl Sapori & Dintorni Conad,"19,80 € / L","9,90€","Vino, birra e altri alcolici",Liquori e distillati
"Cointreau 0,70 L","21,71 € / L","15,20€","Vino, birra e altri alcolici",Liquori e distillati
Grand Marnier Cordon Rouge 70 cl,"27,71 € / L","19,40€","Vino, birra e altri alcolici",Liquori e distillati
Zedda Piras Mirto Rosso di Sardegna 70 cl,"17,93 € / L","12,55€","Vino, birra e altri alcolici",Liquori e distillati
Cuor di Sorrento Liquore di Limone 50 cl Conad,"13,90 € / L","6,95€","Vino, birra e altri alcolici",Liquori e distillati
Limoncello 50 cl,"11,10 € / L","5,55€","Vino, birra e altri alcolici",Liquori e distillati
"Limoncè 0,5 l","13,98 € / L","6,99€","Vino, birra e altri alcolici",Liquori e distillati
Flli Branca Distillerie Stravecchio Branca Brandy Riserva Speciale 70 cl,"13,93 € / L","9,75€","Vino, birra e altri alcolici",Liquori e distillati
"Stock 84 Original 0,7 L","12,07 € / L","8,45€","Vino, birra e altri alcolici",Liquori e distillati
Vecchia Romagna Classica 70 cl,"17,29 € / L","12,10€","Vino, birra e altri alcolici",Liquori e distillati
Vecchia Romagna Etichetta Nera 70 cl,"19,93 € / L","13,95€","Vino, birra e altri alcolici",Liquori e distillati
Borghetti Liquore di Vero Caffè Espresso 70 cl,"12,14 € / L","8,50€","Vino, birra e altri alcolici",Liquori e distillati
Martini China Martini l'Amaro 700 ml,"14,71 € / L","10,30€","Vino, birra e altri alcolici",Liquori e distillati
Baileys Deliciously Light 700 ml,"17,79 € / L","12,45€","Vino, birra e altri alcolici",Liquori e distillati
Baileys Espresso cream 700 ml,"17,79 € / L","12,45€","Vino, birra e altri alcolici",Liquori e distillati
Baileys Strawberries & Cream 700 ml,"23,27 € / L","16,29€","Vino, birra e altri alcolici",Liquori e distillati
Baileys The Original Irish Cream 700 ml,"17,79 € / L","12,45€","Vino, birra e altri alcolici",Liquori e distillati
"Limoncè Crema 0,5 l","13,98 € / L","6,99€","Vino, birra e altri alcolici",Liquori e distillati
Sheridan's Coffee layered liqueur 500 ml,"25,20 € / L","12,60€","Vino, birra e altri alcolici",Liquori e distillati
Branca Brancamenta 70 cl,"17,11 € / L","11,98€","Vino, birra e altri alcolici",Liquori e distillati
Branca Fernet-Branca 70 cl,"18,43 € / L","12,90€","Vino, birra e altri alcolici",Liquori e distillati
Beefeater London Dry Gin 70 CL,"17,43 € / L","12,20€","Vino, birra e altri alcolici",Liquori e distillati
Gordon's London Dry Gin 70 cl,"13,27 € / L","9,29€","Vino, birra e altri alcolici",Liquori e distillati
Gordon's Sicilian Lemon Distilled Gin 70 cl,"17,84 € / L","12,49€","Vino, birra e altri alcolici",Liquori e distillati
Malfy Gin Rosa 70 CL,"42,71 € / L","29,90€","Vino, birra e altri alcolici",Liquori e distillati
Tanqueray London Dry Gin 70 cl,"18,56 € / L","12,99€","Vino, birra e altri alcolici",Liquori e distillati
Cuor di Moscato d'Asti Grappa di Monovitigno 50 cl Sapori & Dintorni Conad,"17,80 € / L","8,90€","Vino, birra e altri alcolici",Liquori e distillati
Grappa Cuor di Amarone della Valpolicella 50 cl Sapori & Dintorni Conad,"31,80 € / L","15,90€","Vino, birra e altri alcolici",Liquori e distillati
Grappa Cuor di Cabernet del Veneto 50 cl Sapori & Dintorni Conad,"19,80 € / L","9,90€","Vino, birra e altri alcolici",Liquori e distillati
Grappa Cuor di Franciacorta 50 cl Sapori & Dintorni Conad,"19,80 € / L","9,90€","Vino, birra e altri alcolici",Liquori e distillati
Grappa Cuor di Valdobbiadene Prosecco 50 cl Sapori & Dintorni Conad,"17,80 € / L","8,90€","Vino, birra e altri alcolici",Liquori e distillati
Villa Montanér Grappa Acquavite Classica 70 cl,"13,57 € / L","9,50€","Vino, birra e altri alcolici",Liquori e distillati
Villa Montanér Grappa Morbida 70 cl,"12,71 € / L","8,90€","Vino, birra e altri alcolici",Liquori e distillati
Candolini Grappa Bianca 70 cl,"12,13 € / L","8,49€","Vino, birra e altri alcolici",Liquori e distillati
Distillerie Franciacorta la Corte Grappa Chardonnay Barricata 12 Mesi 50 cl,"20,40 € / L","10,20€","Vino, birra e altri alcolici",Liquori e distillati
Distillerie Franciacorta la Corte Grappa Tradizionale 100 cl,"13,49 € / L","13,49€","Vino, birra e altri alcolici",Liquori e distillati
"Grappa Julia Invecchiata 0,7 l","13,50 € / L","9,45€","Vino, birra e altri alcolici",Liquori e distillati
Grappa Nonino 43° 700 ml,"18,71 € / L","13,10€","Vino, birra e altri alcolici",Liquori e distillati
Grappa Piave Cuore 70 cl,"13,56 € / L","9,49€","Vino, birra e altri alcolici",Liquori e distillati
Nardini Grappa Bianca 70 cl,"21,93 € / L","15,35€","Vino, birra e altri alcolici",Liquori e distillati
Nonino Grappa Optima 700 ml,"22,99 € / L","16,09€","Vino, birra e altri alcolici",Liquori e distillati
Segnana Grappa Trentina Solera di Solera 70 cl,"23,14 € / L","16,20€","Vino, birra e altri alcolici",Liquori e distillati
Cuor di Liquirizia 50 cl Conad,"21,80 € / L","10,90€","Vino, birra e altri alcolici",Liquori e distillati
Tanqueray Alcohol Free 0.0% 70 cl,"19,41 € / L","13,59€","Vino, birra e altri alcolici",Liquori e distillati
Zucca Rabarbaro 70 cl   2 Bicchieri in Regalo,"12,50 € / L","8,75€","Vino, birra e altri alcolici",Liquori e distillati
Bacardi Carta Blanca Superior White Rum 700 ml,"18,43 € / L","12,90€","Vino, birra e altri alcolici",Liquori e distillati
Havana Club Añejo 3 Años Rum 70 cl,"15,14 € / L","10,60€","Vino, birra e altri alcolici",Liquori e distillati
Havana Club Añejo 7 Años 70 cl,"29,86 € / L","20,90€","Vino, birra e altri alcolici",Liquori e distillati
Pampero Especial 70 cl,"14,56 € / L","10,19€","Vino, birra e altri alcolici",Liquori e distillati
Molinari Sambuca extra 700 ml,"18,50 € / L","12,95€","Vino, birra e altri alcolici",Liquori e distillati
Ramazzotti Sambuca 70 cl,"12,43 € / L","8,70€","Vino, birra e altri alcolici",Liquori e distillati
Jose Cuervo Especial Reposado Tequila 70 cl,"22,71 € / L","15,90€","Vino, birra e altri alcolici",Liquori e distillati
Jose Cuervo Especial Silver Tequila 70 cl,"19,86 € / L","13,90€","Vino, birra e altri alcolici",Liquori e distillati
Vov 70 cl,"14,50 € / L","10,15€","Vino, birra e altri alcolici",Liquori e distillati
Absolut Vodka 700 ml,"16,14 € / L","11,30€","Vino, birra e altri alcolici",Liquori e distillati
"Keglevich 0,7 L","10,70 € / L","7,49€","Vino, birra e altri alcolici",Liquori e distillati
"Keglevich with Pure Vodka & Pure Fruit con Succo di Limone 0,7 L","11,29 € / L","7,90€","Vino, birra e altri alcolici",Liquori e distillati
"Keglevich with Pure Vodka & Pure Fruit con Succo di Pesca 0,7 L","11,29 € / L","7,90€","Vino, birra e altri alcolici",Liquori e distillati
"Keglevich with Pure Vodka & Pure Taste Menta 0,7 L","11,29 € / L","7,90€","Vino, birra e altri alcolici",Liquori e distillati
Wyborowa Wodka 700 ml,"11,41 € / L","7,99€","Vino, birra e altri alcolici",Liquori e distillati
Ballantine's Finest blended scotch whisky 70 cl,"15,57 € / L","10,90€","Vino, birra e altri alcolici",Liquori e distillati
Chivas Regal Blended Scotch Whisky Aged 12 Years 70 cl,"27,00 € / L","18,90€","Vino, birra e altri alcolici",Liquori e distillati
Four Roses Bourbon 70 cl,"19,43 € / L","13,60€","Vino, birra e altri alcolici",Liquori e distillati
J&B Rare Blended Scotch Whisky 70 cl,"15,99 € / L","11,19€","Vino, birra e altri alcolici",Liquori e distillati
Jack Daniel's Old No.7 Tennessee Whiskey 70 cl,"25,57 € / L","17,90€","Vino, birra e altri alcolici",Liquori e distillati
Jack Daniel's Tennessee Honey 70 cl,"27,84 € / L","19,49€","Vino, birra e altri alcolici",Liquori e distillati
Johnnie Walker Black Label Blended Scotch Whisky 70 cl,"31,79 € / L","22,25€","Vino, birra e altri alcolici",Liquori e distillati
Long John Blended scotch whisky 70 cl,"14,93 € / L","10,45€","Vino, birra e altri alcolici",Liquori e distillati
Talisker Skye Single Malt Scotch Whisky 70 cl,"45,86 € / L","32,10€","Vino, birra e altri alcolici",Liquori e distillati
The Glen Grant Single Malt Scotch Whisky the Major's Reserve 70 cl,"18,50 € / L","12,95€","Vino, birra e altri alcolici",Liquori e distillati
Vat 69 Blended Scotch Whisky 700 ml,"12,84 € / L","8,99€","Vino, birra e altri alcolici",Liquori e distillati
William Lawson's Blended Scotch Whisky 70 cl,"14,57 € / L","10,20€","Vino, birra e altri alcolici",Liquori e distillati
ALCHERMES STAMPA 25°70cl,"10,36 € / L","7,25€","Vino, birra e altri alcolici",Liquori e distillati
ANICE VARNELLI 70cl,"24,14 € / L","16,90€","Vino, birra e altri alcolici",Liquori e distillati
CREMA LIMONI VILLA CARDEA ILAS 50cl,"9,90 € / L","4,95€","Vino, birra e altri alcolici",Liquori e distillati
LIMONCELLO SCOGLIERADILMOOR 30°70cl,"8,54 € / L","5,98€","Vino, birra e altri alcolici",Liquori e distillati
LIMONCINO DI CASTELLO FALED 21[50cl,"11,90 € / L","5,95€","Vino, birra e altri alcolici",Liquori e distillati
LIQUIRIZIA GOCCIA NERA 20°50cl,"11,00 € / L","5,50€","Vino, birra e altri alcolici",Liquori e distillati
LIQUORE STREGA ALBERTI 70cl,"19,29 € / L","13,50€","Vino, birra e altri alcolici",Liquori e distillati
MARASCHINO STAMPA 25° 70cl,"10,36 € / L","7,25€","Vino, birra e altri alcolici",Liquori e distillati
NOCINO FALED 40° 70cl,"12,13 € / L","8,49€","Vino, birra e altri alcolici",Liquori e distillati
PUNCH MANDARINO DILMOOR 35° 1l,"8,95 € / L","8,95€","Vino, birra e altri alcolici",Liquori e distillati
PUNCH RHUM FANTASIA DILMOOR 35° 1l,"8,95 € / L","8,95€","Vino, birra e altri alcolici",Liquori e distillati
SAMBUCA TIBURTINA 38[70cl,"9,64 € / L","6,75€","Vino, birra e altri alcolici",Liquori e distillati
BRANDY STRAVECCHIO NAPOLEON 70cl,"10,50 € / L","7,35€","Vino, birra e altri alcolici",Liquori e distillati
GRAP BOCCHINO S NERO 70 cl 40°,"19,71 € / L","13,80€","Vino, birra e altri alcolici",Liquori e distillati
GRAP.NEBBIOLO IN BARRIQUES 40°50cl,"27,00 € / L","13,50€","Vino, birra e altri alcolici",Liquori e distillati
GRAP.PODERE BECCACCIA38°DILMOR 70cl,"9,93 € / L","6,95€","Vino, birra e altri alcolici",Liquori e distillati
GRAPPA BIANCA BASSANINA 40[1l,"12,49 € / L","12,49€","Vino, birra e altri alcolici",Liquori e distillati
GRAPPA INVECCHIATA FALED 40° 70cl,"9,70 € / L","6,79€","Vino, birra e altri alcolici",Liquori e distillati
GRAPPA RUTA FALED 38[70cl,"8,54 € / L","5,98€","Vino, birra e altri alcolici",Liquori e distillati
GRAPPA VIGNA ALTA 38°DILMOOR 1l,"9,09 € / L","9,09€","Vino, birra e altri alcolici",Liquori e distillati
RUM BRUGAL ANEJO 38°70cl,"21,41 € / L","14,99€","Vino, birra e altri alcolici",Liquori e distillati
WODKA MOSKOVSKAJA 38[ 70cl,"12,71 € / L","8,90€","Vino, birra e altri alcolici",Liquori e distillati
JACK DANIEL'S APPLE 70cl,"31,29 € / L","21,90€","Vino, birra e altri alcolici",Liquori e distillati
Acqua minerale eff. naturale 1. 5 l PET Conad,"0,21 € / L","0,29€",Bevande e preparati,Acqua
"Acqua Minerale Effervescente Naturale 6 x 0,5 l Conad","0,43 € / L","1,29€",Bevande e preparati,Acqua
"CONAD Acqua Minerale Effervescente Naturale 0,5 l","0,44 € / L","0,22€",Bevande e preparati,Acqua
"Uliveto 1,5 L",0.4 € / L,"0,44€",Bevande e preparati,Acqua
"Ferrarelle 1,5 litri","0,31 € / L","0,46€",Bevande e preparati,Acqua
"Ferrarelle 6 x 0,50L","0,26 € / L","1,59€",Bevande e preparati,Acqua
"Ferrarelle 6 x 1,5 L","0,31 € / L","2,76€",Bevande e preparati,Acqua
"Lete Acqua Minerale 6 x 1,5 l","0,26 € / L","2,34€",Bevande e preparati,Acqua
Lete Acqua Minerale 6 x 50 cl,"0,48 € / L","1,45€",Bevande e preparati,Acqua
"Lete Acqua Minerale Effervescente Naturale 1,5 l","0,26 € / L","0,39€",Bevande e preparati,Acqua
Lete Acqua Minerale Effervescente Naturale 50 cl,"0,48 € / L","0,24€",Bevande e preparati,Acqua
"Uliveto 6 x 0,5 L","0,62 € / L","1,85€",Bevande e preparati,Acqua
Acqua minerale frizzante 1. 5 l Conad,"0,19 € / L","0,28€",Bevande e preparati,Acqua
"Acqua Minerale Naturale Frizzante 0,5 l Conad","0,44 € / L","0,22€",Bevande e preparati,Acqua
"Acqua Minerale Naturale Frizzante 6 x 0,5 l Conad","0,43 € / L","1,29€",Bevande e preparati,Acqua
"Acqua Minerale San Benedetto Fonte Benedicta Frizzante 0,5Lx6","3,10 € / L","1,55€",Bevande e preparati,Acqua
"Acqua Minerale San Benedetto Frizzante pet 1,5 L","0,30 € / L","0,45€",Bevande e preparati,Acqua
"Acqua Minerale San Benedetto Frizzante pet 1,5 L Fardello","0,30 € / L","2,70€",Bevande e preparati,Acqua
"Brio Rossa Più Frizzante Gualdo Tadino 1,5 L","0,37 € / L","0,55€",Bevande e preparati,Acqua
"LEVISSIMA, frizzante 150 cl","0,37 € / L","0,55€",Bevande e preparati,Acqua
"LEVISSIMA, frizzante 50 cl","0,58 € / L","0,29€",Bevande e preparati,Acqua
"LEVISSIMA, frizzante conf. 6x150 cl","0,37 € / L","3,30€",Bevande e preparati,Acqua
"LEVISSIMA, frizzante conf. 6x50 cl","0,58 € / L","1,75€",Bevande e preparati,Acqua
Norda Daggio Frizzante 150 cl,"0,36 € / L","0,54€",Bevande e preparati,Acqua
"Norda Frizzante 6x 1,5 litri","0,36 € / L","3,24€",Bevande e preparati,Acqua
"S.PELLEGRINO, Acqua Minerale Naturale Frizzante 75cl","0,73 € / L","0,55€",Bevande e preparati,Acqua
"S.PELLEGRINO, Acqua Minerale Naturale Frizzante 75cl x 6","0,73 € / L","3,30€",Bevande e preparati,Acqua
"San Benedetto Acqua Minerale Benedicta Frizzante 0,5 L","0,52 € / L","0,26€",Bevande e preparati,Acqua
"Sant'Anna di Vinadio 1503m Frizzante 1,5 Litri","0,33 € / L","0,49€",Bevande e preparati,Acqua
"Sant'Anna di Vinadio Frizzante 6 x 1,5 L","0,33 € / L","2,94€",Bevande e preparati,Acqua
"Acqua Minerale Naturale Leggermente Frizzante 1,5 l Conad","0,19 € / L","0,28€",Bevande e preparati,Acqua
"Acqua Minerale San Benedetto Legg. Frizzante pet 1,5 L","0,30 € / L","0,45€",Bevande e preparati,Acqua
"Acqua Minerale San Benedetto Legg. Frizzante pet 1,5 L Fardello","0,30 € / L","2,70€",Bevande e preparati,Acqua
"Brio Blu Leggermente Frizzante Gualdo Tadino 0,5 L","0,74 € / L","0,37€",Bevande e preparati,Acqua
"Brio Blu Leggermente Frizzante Gualdo Tadino 1,5 L","0,37 € / L","0,55€",Bevande e preparati,Acqua
"Brio Blu Leggermente Frizzante Gualdo Tadino 6 x 0,5 litri","0,73 € / L","2,19€",Bevande e preparati,Acqua
Fiuggi Acqua minerale naturale Oligominerale Leggermente Frizzante 100 cl,"1,15 € / L","1,15€",Bevande e preparati,Acqua
"Acqua Minerale Naturale 0,5 l Conad","0,44 € / L","0,22€",Bevande e preparati,Acqua
Acqua Minerale Naturale 1 l Conad,"0,28 € / L","0,28€",Bevande e preparati,Acqua
Acqua minerale naturale 1. 5 l Conad,"0,19 € / L","0,28€",Bevande e preparati,Acqua
"Acqua Minerale Naturale 6 x 0,5 l Conad","0,43 € / L","1,29€",Bevande e preparati,Acqua
Acqua Minerale Naturale 6 x 1 l Conad,"0,28 € / L","1,68€",Bevande e preparati,Acqua
Levissima RPET 6x1L- Naturale,0.4 € / L,"2,28€",Bevande e preparati,Acqua
"Sant'Anna Sorgente Rebruant 1950 m Naturale 6 x 1,5 L",0.3 € / L,"1,68€",Bevande e preparati,Acqua
"Sant'Anna Vinadio Naturale Sorgente Rebruant 1,5l",0.3 € / L,"0,28€",Bevande e preparati,Acqua
"ACQUA PANNA, Acqua Minerale Oligominerale Naturale, 1,5 l","0,37 € / L","0,55€",Bevande e preparati,Acqua
Boario Naturale 150 cL,"0,24 € / L","0,36€",Bevande e preparati,Acqua
"Boario Naturale 6 x 1,5 L","0,24 € / L","2,16€",Bevande e preparati,Acqua
Evian Acqua Minerale Naturale 1 L,"1,10 € / L","1,10€",Bevande e preparati,Acqua
"Fiuggi Acqua Minerale Naturale Oligominerale 3 x 0,33 L","1,51 € / L","1,49€",Bevande e preparati,Acqua
Fiuggi Acqua minerale naturale Oligominerale 98 cl,"1,11 € / L","1,09€",Bevande e preparati,Acqua
Fonte essenziale Acqua Minerale Naturale 1 L,"0,80 € / L","0,80€",Bevande e preparati,Acqua
"LEVISSIMA Acqua Minerale Naturale Oligominerale 1,5L","0,37 € / L","0,55€",Bevande e preparati,Acqua
"LEVISSIMA, Acqua Minerale Naturale Oligominerale 50 cl x 6","0,58 € / L","1,75€",Bevande e preparati,Acqua
"LEVISSIMA, Acqua Minerale Naturale Oligominerale, 50 cl","0,58 € / L","0,29€",Bevande e preparati,Acqua
"LEVISSIMA, Acqua Minerale Naturale Oligominerale, 6 x 1,5 L","0,37 € / L","3,30€",Bevande e preparati,Acqua
"LEVISSIMA, issima Acqua Minerale Naturale Oligominerale, 33 cl","1,48 € / L","0,49€",Bevande e preparati,Acqua
"LEVISSIMA, issima Acqua Minerale Naturale Oligominerale, 4 x 33 cl","1,48 € / L","1,95€",Bevande e preparati,Acqua
"Rocchetta Naturale Gualdo Tadino 0,5 L","0,62 € / L","0,31€",Bevande e preparati,Acqua
"Rocchetta Naturale Gualdo Tadino 1,5 L","0,36 € / L","0,54€",Bevande e preparati,Acqua
"Rocchetta Naturale Gualdo Tadino 6 x 0,5 L","0,62 € / L","1,85€",Bevande e preparati,Acqua
"Rocchetta Naturale Gualdo Tadino 6 x 1,5 L","0,36 € / L","3,24€",Bevande e preparati,Acqua
"San Benedetto Acqua Naturale Benedicta Ecogreen 0,5 L","0,52 € / L","0,26€",Bevande e preparati,Acqua
San Benedetto Acqua Naturale Benedicta Ecogreen 2 L,"0,27 € / L","0,54€",Bevande e preparati,Acqua
"San Benedetto Acqua Naturale Benedicta Ecogreen 6 x 0,5 L","0,52 € / L","1,55€",Bevande e preparati,Acqua
San Benedetto Acqua Naturale Benedicta Ecogreen 6 x 2 L,"0,27 € / L","3,24€",Bevande e preparati,Acqua
San Benedetto Acqua Naturale Benedicta Ecogreen Easy 1 L,"0,32 € / L","0,32€",Bevande e preparati,Acqua
"San Benedetto Baby Bottle Naturale P&P fardello 4 x 0,25 L","1,35 € / L","1,35€",Bevande e preparati,Acqua
"San Benedetto Libera 0,5L Naturale Fonte Benedicta","0,80 € / L","0,40€",Bevande e preparati,Acqua
"San Benedetto Libera Naturale Fonte Benedicta 6x0,5L","0,80 € / L","2,40€",Bevande e preparati,Acqua
"Sant'Anna Naturale Sorgente Rebruant Vinadio 0,5 L","0,60 € / L","0,30€",Bevande e preparati,Acqua
"Sant'Anna Naturale Sorgente Rebruant Vinadio 6 x 0,5 L","0,60 € / L","1,79€",Bevande e preparati,Acqua
Vitasnella Acqua Oligominerale Naturale 150 cL,"0,29 € / L","0,44€",Bevande e preparati,Acqua
Vitasnella Acqua Oligominerale Naturale 50 cL,"0,64 € / L","0,32€",Bevande e preparati,Acqua
"Vitasnella Acqua Oligominerale Naturale 6 x 1,5 L","0,29 € / L","2,64€",Bevande e preparati,Acqua
"ACQUA FRIZZ.LAURETANA 1,5l","0,37 € / Kg","0,55€",Bevande e preparati,Acqua
"ACQUA NAT.LAURETANA 1,5l","0,37 € / L","0,55€",Bevande e preparati,Acqua
"ACQUA NAT.LAURETANA 6x1,5l","0,37 € / L","3,30€",Bevande e preparati,Acqua
100% Ananas 1 l Conad,"1,79 € / L","1,79€",Bevande e preparati,Succhi e bevande di frutta
100% Arancia 1 l Conad,"1,79 € / L","1,79€",Bevande e preparati,Succhi e bevande di frutta
100% Esotico 1 l Conad,"1,79 € / L","1,79€",Bevande e preparati,Succhi e bevande di frutta
100% Mela 1 l Conad,"1,79 € / L","1,79€",Bevande e preparati,Succhi e bevande di frutta
100% Pompelmo 1 l Conad,"1,79 € / L","1,79€",Bevande e preparati,Succhi e bevande di frutta
Succo di mela 500 ml - Biologico Verso Natura Bio Conad,"3,38 € / L","1,69€",Bevande e preparati,Succhi e bevande di frutta
Succo di Melagrana con mela e ribes nero Biologico 500 ml Verso Natura Bio Conad,"4,98 € / L","2,49€",Bevande e preparati,Succhi e bevande di frutta
Tropicana Arancia 1 L,"2,99 € / L","2,99€",Bevande e preparati,Succhi e bevande di frutta
Tropicana Multivitaminico 1 L,"2,99 € / Kg","2,99€",Bevande e preparati,Succhi e bevande di frutta
Tropicana Pompelmo Rosa 1 L,"2,99 € / L","2,99€",Bevande e preparati,Succhi e bevande di frutta
Yoga il Centrifugato con Chia Frutti Rossi Rabarbaro 680 ml,"3,75 € / L","2,55€",Bevande e preparati,Succhi e bevande di frutta
Yoga il Centrifugato con Curcuma Arancia Papaya Carota 680 ml,"3,75 € / L","2,55€",Bevande e preparati,Succhi e bevande di frutta
Yoga Optimum Fresca al Pomodoro 6 x 125 ml,"3,85 € / L","2,89€",Bevande e preparati,Succhi e bevande di frutta
Zuegg Skipper Ananas 100% succo 1000 ml,"1,80 € / L","1,80€",Bevande e preparati,Succhi e bevande di frutta
Bevanda alla Pesca e Mela 1 L Conad,1.6 € / L,"1,24€",Bevande e preparati,Succhi e bevande di frutta
CONAD I Classici Bevanda ACE e Mela Senza Zuccheri Aggiunti* 1 l,1.6 € / L,"1,24€",Bevande e preparati,Succhi e bevande di frutta
CONAD I Classici Bevanda alla Pera e Mela Senza Zuccheri Aggiunti* 1 l,1.6 € / L,"1,24€",Bevande e preparati,Succhi e bevande di frutta
Bevanda al Mirtillo Biologica 500 ml Verso Natura Bio Conad,"4,98 € / L","2,49€",Bevande e preparati,Succhi e bevande di frutta
Bevanda di Ananas e Cocco 1 l Conad,"1,19 € / L","1,19€",Bevande e preparati,Succhi e bevande di frutta
Fragola Mela e Banana 250 ml Conad,"7,96 € / L","1,99€",Bevande e preparati,Succhi e bevande di frutta
Mela e Mirtillo 250 ml Conad,"7,96 € / L","1,99€",Bevande e preparati,Succhi e bevande di frutta
Melagrana con Fiori di Sambuco 1 l Conad,"1,19 € / L","1,19€",Bevande e preparati,Succhi e bevande di frutta
Pesca e Lime con Ginseng 1 l Conad,"1,19 € / L","1,19€",Bevande e preparati,Succhi e bevande di frutta
Pompelmo Rosa con Fiori d'Arancio 1 l Conad,"1,19 € / L","1,19€",Bevande e preparati,Succhi e bevande di frutta
Spremuta di Arance Bionde 750 ml Conad,"3,19 € / L","2,39€",Bevande e preparati,Succhi e bevande di frutta
Spremuta di Arance Rosse 750 ml Conad,"3,59 € / L","2,69€",Bevande e preparati,Succhi e bevande di frutta
"Succo di mango, arancia, banana e frutto della passione da 0,25 l Conad","7,96 € / L","1,99€",Bevande e preparati,Succhi e bevande di frutta
"Vit ACE 1,5 l Conad","1,19 € / L","1,79€",Bevande e preparati,Succhi e bevande di frutta
Vit ACE 3 x 200 ml Conad,"1,92 € / L","1,15€",Bevande e preparati,Succhi e bevande di frutta
"Vit Ananas 1,5 l Conad","1,19 € / L","1,79€",Bevande e preparati,Succhi e bevande di frutta
Vit Ananas 3 x 200 ml Conad,"1,92 € / L","1,15€",Bevande e preparati,Succhi e bevande di frutta
"Vit Arancia Rossa 1,5 l Conad","1,19 € / L","1,79€",Bevande e preparati,Succhi e bevande di frutta
Vit Arancia Rossa 3 x 200 ml Conad,"1,92 € / L","1,15€",Bevande e preparati,Succhi e bevande di frutta
Vit Frutti Esotici 1.5 l Conad,"1,19 € / L","1,79€",Bevande e preparati,Succhi e bevande di frutta
Vit Viola 3 x 200 ml Conad,"1,92 € / L","1,15€",Bevande e preparati,Succhi e bevande di frutta
Pfanner A C E 2 L,"1,25 € / L","2,50€",Bevande e preparati,Succhi e bevande di frutta
Pfanner C   D   A Ananas-Carota 2 L,"1,25 € / L","2,50€",Bevande e preparati,Succhi e bevande di frutta
Pfanner Mirtillo 1 L,"1,85 € / L","1,85€",Bevande e preparati,Succhi e bevande di frutta
Rauch bravo ACE Vitamin Drink 2 L,"1,30 € / L","2,59€",Bevande e preparati,Succhi e bevande di frutta
Rauch bravo Arancia Rossa 2 L,"1,30 € / L","2,59€",Bevande e preparati,Succhi e bevande di frutta
Rauch bravo Multi Vitamin 2 L,"1,30 € / L","2,59€",Bevande e preparati,Succhi e bevande di frutta
"San Benedetto Succoso ACE 1,5L","1,19 € / L","1,79€",Bevande e preparati,Succhi e bevande di frutta
"San Benedetto Succoso Ananas Fusion 1,5L","1,19 € / L","1,79€",Bevande e preparati,Succhi e bevande di frutta
"San Benedetto Succoso gusto Frutti rossi 1,5L","1,19 € / L","1,79€",Bevande e preparati,Succhi e bevande di frutta
"San Benedetto Succoso Zero Arancia Carota Limone 0,40L","1,48 € / L","0,59€",Bevande e preparati,Succhi e bevande di frutta
"San Benedetto Succoso Zero Arancia Carota Limone 0,90 L","1,66 € / L","1,49€",Bevande e preparati,Succhi e bevande di frutta
"San Benedetto Succoso Zero Arancia e arancia rossa 0,40L","1,48 € / L","0,59€",Bevande e preparati,Succhi e bevande di frutta
"San Benedetto Succoso Zero Arancia Rossa 0,90 L","1,66 € / L","1,49€",Bevande e preparati,Succhi e bevande di frutta
"San Benedetto Succoso Zero Frutta mix 0,40L","1,48 € / L","0,59€",Bevande e preparati,Succhi e bevande di frutta
"San Benedetto Succoso Zero Frutta Mix 0,90 L","1,66 € / L","1,49€",Bevande e preparati,Succhi e bevande di frutta
"San Benedetto Succoso Zero Frutti rossi 0,40L","1,48 € / L","0,59€",Bevande e preparati,Succhi e bevande di frutta
"San Benedetto Succoso Zero Frutti Rossi 0,90 L","1,66 € / L","1,49€",Bevande e preparati,Succhi e bevande di frutta
"San Benedetto Succoso Zero Macedonia 0,40L","1,48 € / L","0,59€",Bevande e preparati,Succhi e bevande di frutta
"San Benedetto Succoso Zero Mango Mela 0,40L","1,48 € / L","0,59€",Bevande e preparati,Succhi e bevande di frutta
"San Benedetto Succoso Zero Mela Fragola Limone PET 0,90 L","1,66 € / L","1,49€",Bevande e preparati,Succhi e bevande di frutta
Santàl ACE 1000 ml,"1,90 € / L","1,90€",Bevande e preparati,Succhi e bevande di frutta
Santàl albicocca 3 x 200 ml,"2,32 € / L","1,39€",Bevande e preparati,Succhi e bevande di frutta
Santàl ananas 1000 ml,"1,59 € / L","1,59€",Bevande e preparati,Succhi e bevande di frutta
Santàl arancia bionda 1000 ml,"1,59 € / L","1,59€",Bevande e preparati,Succhi e bevande di frutta
Santàl arancia rossa 1000 ml,"1,59 € / L","1,59€",Bevande e preparati,Succhi e bevande di frutta
Santàl Dolce di Natura ACE Senza Zuccheri Aggiunti 1000 ml,"1,99 € / L","1,99€",Bevande e preparati,Succhi e bevande di frutta
Santàl Dolce di Natura arancia Senza Zuccheri Aggiunti 1000 ml,"1,99 € / L","1,99€",Bevande e preparati,Succhi e bevande di frutta
Santàl Dolce di Natura bosco mix Senza Zuccheri Aggiunti 1000 ml,"1,69 € / L","1,69€",Bevande e preparati,Succhi e bevande di frutta
Santàl Dolce di Natura exotic Senza Zuccheri Aggiunti 1000 ml,"1,69 € / L","1,69€",Bevande e preparati,Succhi e bevande di frutta
Santàl Dolce di Natura pesca Senza Zuccheri Aggiunti 1000 ml,"1,69 € / L","1,69€",Bevande e preparati,Succhi e bevande di frutta
Santàl frutti rossi 1000 ml,"1,90 € / L","1,90€",Bevande e preparati,Succhi e bevande di frutta
Santàl pera con varietà Williams 3 x 200 ml,"2,32 € / L","1,39€",Bevande e preparati,Succhi e bevande di frutta
Santàl pesca con varietà Nettarina 3 x 200 ml,"2,32 € / L","1,39€",Bevande e preparati,Succhi e bevande di frutta
Santàl Plus Gusto Vellutato ananas cocco 1000 ml,"1,85 € / L","1,85€",Bevande e preparati,Succhi e bevande di frutta
Santàl Plus Gusto Vellutato pesca mango 1000 ml,"1,85 € / L","1,85€",Bevande e preparati,Succhi e bevande di frutta
Valfrutta Bio Arancia Carota Limone 6 x 125 ml,"4,39 € / L","3,29€",Bevande e preparati,Succhi e bevande di frutta
Yoga Ace 1 Litro,"1,60 € / L","1,60€",Bevande e preparati,Succhi e bevande di frutta
Yoga Melaverde 1 Litro,"1,60 € / L","1,60€",Bevande e preparati,Succhi e bevande di frutta
Yoga Optimum 70% di Ananas Senza Zuccheri Aggiunti* 1000 ml,"1,89 € / L","1,89€",Bevande e preparati,Succhi e bevande di frutta
Yoga Optimum 70% di Arancia Senza Zuccheri Aggiunti* 1000 ml,"1,89 € / L","1,89€",Bevande e preparati,Succhi e bevande di frutta
Yoga Optimum 70% Pera Italiana 6 x 200 ml,"3,00 € / L","3,60€",Bevande e preparati,Succhi e bevande di frutta
Yoga Optimum 70% Pesca Italiana 6 x 200 ml,"3,00 € / L","3,60€",Bevande e preparati,Succhi e bevande di frutta
Yoga Optimum Ace 6 x 200 ml,"3,00 € / L","3,60€",Bevande e preparati,Succhi e bevande di frutta
Zuegg Skipper Arancia Rossa 1000 ml,"1,80 € / L","1,80€",Bevande e preparati,Succhi e bevande di frutta
Zuegg Skipper Senza zuccheri aggiunti* Ananas 1000 ml,"1,80 € / L","1,80€",Bevande e preparati,Succhi e bevande di frutta
Zuegg Skipper Senza zuccheri aggiunti* Arancia 1000 ml,"1,80 € / L","1,80€",Bevande e preparati,Succhi e bevande di frutta
Zuegg Skipper Senza zuccheri aggiunti* Frutti del Bosco 1000 ml,"1,80 € / L","1,80€",Bevande e preparati,Succhi e bevande di frutta
Zuegg Solo Ingredienti naturali* Arancia Carota Limone 3 x 200 ml,"3,08 € / L","1,85€",Bevande e preparati,Succhi e bevande di frutta
Valfrutta 100% Frullato Veggie Arancia Rossa Pomodoro Carota Nera Maracuja 1000 ml,"1,85 € / L","1,85€",Bevande e preparati,Succhi e bevande di frutta
Valfrutta 100% Frullato Veggie Frutti di Bosco Barbabietola Carota Nera 1000 ml,"1,85 € / L","1,85€",Bevande e preparati,Succhi e bevande di frutta
Valfrutta 100% Frullato Veggie Pera Finocchio Zenzero 1000 ml,"1,85 € / L","1,85€",Bevande e preparati,Succhi e bevande di frutta
Valfrutta il nuovo Frullato 100% da frutta gusto Pesca 3 x 125 ml,"4,27 € / L","1,60€",Bevande e preparati,Succhi e bevande di frutta
"Valfrutta il nuovo Frullato 100% frutta gusto Mela, Fragola e Lampone 3 x 125 ml","4,27 € / L","1,60€",Bevande e preparati,Succhi e bevande di frutta
Mirtillo Nero 6 x 125 ml Conad,"5,05 € / L","3,79€",Bevande e preparati,Succhi e bevande di frutta
Succo e polpa  brick mela e banana 200 ml x 3 Conad,"1,65 € / L","0,99€",Bevande e preparati,Succhi e bevande di frutta
Succo e polpa  brick pera 200 ml x 3 Conad,"1,65 € / L","0,99€",Bevande e preparati,Succhi e bevande di frutta
Succo e polpa Albicocca 1 l Conad,"1,39 € / L","1,39€",Bevande e preparati,Succhi e bevande di frutta
Succo e polpa Albicocca 6 x 200 ml Conad,"1,54 € / L","1,85€",Bevande e preparati,Succhi e bevande di frutta
Succo e polpa brick albicocca 200 ml x 3 Conad,"1,65 € / L","0,99€",Bevande e preparati,Succhi e bevande di frutta
Succo e polpa brick pesca 200 ml x 3 Conad,"1,65 € / L","0,99€",Bevande e preparati,Succhi e bevande di frutta
Succo e polpa Mela e Banana 1 l Conad,"1,39 € / L","1,39€",Bevande e preparati,Succhi e bevande di frutta
Succo e polpa Pera 1 l Conad,"1,39 € / L","1,39€",Bevande e preparati,Succhi e bevande di frutta
Succo e polpa Pera 6 x 125 ml Conad,"2,65 € / L","1,99€",Bevande e preparati,Succhi e bevande di frutta
Succo e polpa Pera 6 x 200 ml Conad,"1,54 € / L","1,85€",Bevande e preparati,Succhi e bevande di frutta
Succo e polpa Pesca 1 l Conad,"1,39 € / L","1,39€",Bevande e preparati,Succhi e bevande di frutta
Succo e polpa Pesca 6 x 125 ml Conad,"2,65 € / L","1,99€",Bevande e preparati,Succhi e bevande di frutta
Succo e polpa Pesca 6 x 200 ml Conad,"1,54 € / L","1,85€",Bevande e preparati,Succhi e bevande di frutta
Pfanner Arancia Nettare 2 L,"1,25 € / L","2,50€",Bevande e preparati,Succhi e bevande di frutta
"Pfanner Bio Melagrana 0,5 l","5,98 € / L","2,99€",Bevande e preparati,Succhi e bevande di frutta
"Pfanner Bio Mirtillo 0,5 l","5,98 € / L","2,99€",Bevande e preparati,Succhi e bevande di frutta
Pfanner Guava 1 L,"1,85 € / L","1,85€",Bevande e preparati,Succhi e bevande di frutta
Pfanner Mango-Maracuja 1 L,"1,85 € / L","1,85€",Bevande e preparati,Succhi e bevande di frutta
Pfanner Multivitamin 2 L,"1,25 € / L","2,50€",Bevande e preparati,Succhi e bevande di frutta
Valfrutta Bio Pera 6 x 125 ml,"4,39 € / L","3,29€",Bevande e preparati,Succhi e bevande di frutta
Valfrutta Bio Pesca 6 x 125 ml,"4,39 € / L","3,29€",Bevande e preparati,Succhi e bevande di frutta
Valfrutta i Triangolini Albicocca Italiana succo e polpa Brik 8 x 100 ml,"4,69 € / L","3,75€",Bevande e preparati,Succhi e bevande di frutta
Valfrutta i Triangolini Pera Italiana succo e polpa Brik 12 x 100 ml,"3,12 € / L","3,75€",Bevande e preparati,Succhi e bevande di frutta
Valfrutta i Triangolini Pesca Italiana succo e polpa Brik 12 x 100 ml,"3,12 € / L","3,75€",Bevande e preparati,Succhi e bevande di frutta
Yoga Albicocca succo e polpa 1 Litro,"1,60 € / L","1,60€",Bevande e preparati,Succhi e bevande di frutta
Yoga Pesca succo e polpa 1 Litro,"1,60 € / L","1,60€",Bevande e preparati,Succhi e bevande di frutta
Zuegg I frutteti di Oswald Nettare di Melograno Italiano 6 x 125 ml,"7,73 € / L","5,80€",Bevande e preparati,Succhi e bevande di frutta
Zuegg I frutteti di Oswald Zuegg Nettare di Mirtillo Nero Selvatico 6 x 125 ml,"7,73 € / L","5,80€",Bevande e preparati,Succhi e bevande di frutta
Zuegg Solo Ingredienti naturali* Succo e Polpa di Albicocca 3 x 200 ml,"3,08 € / L","1,85€",Bevande e preparati,Succhi e bevande di frutta
Zuegg Solo Ingredienti naturali* Succo e Polpa di Mela 3 x 200 ml,"3,08 € / L","1,85€",Bevande e preparati,Succhi e bevande di frutta
Zuegg Solo Ingredienti naturali* Succo e Polpa di Pera 3 x 200 ml,"3,08 € / L","1,85€",Bevande e preparati,Succhi e bevande di frutta
Zuegg Solo Ingredienti naturali* Succo e Polpa di Pesca 3 x 200 ml,"3,08 € / L","1,85€",Bevande e preparati,Succhi e bevande di frutta
Le Spremute 100% Frutta Ananas 750 ml Sapori & Idee Conad,"2,65 € / L","1,99€",Bevande e preparati,Succhi e bevande di frutta
Le Spremute 100% Frutta Arancia 750 ml Sapori & Idee Conad,"2,65 € / L","1,99€",Bevande e preparati,Succhi e bevande di frutta
Le Spremute 100% Frutta Melagrana 3 x 125 ml Sapori & Idee Conad,"8,24 € / L","3,09€",Bevande e preparati,Succhi e bevande di frutta
Le Spremute 100% Frutta Mirtillo Nero selvatico e Rosso con uva 3 x 125 ml Sapori & Idee Conad,"8,24 € / L","3,09€",Bevande e preparati,Succhi e bevande di frutta
Le Spremute 100% Frutta Tropicale 750 ml Sapori & Idee Conad,"2,65 € / L","1,99€",Bevande e preparati,Succhi e bevande di frutta
Pfanner #Fatti Bell* Spremuta di Frutta   Curcuma Vitamina C 500 ml,"4,78 € / L","2,39€",Bevande e preparati,Succhi e bevande di frutta
Pfanner #Stai Sereno Spremuta di Frutta   Canapa Magnesio 500 ml,"4,78 € / L","2,39€",Bevande e preparati,Succhi e bevande di frutta
Pfanner #Stammi Bene Spremuta di Frutta   Acerola Vitamina D 500 ml,"4,78 € / L","2,39€",Bevande e preparati,Succhi e bevande di frutta
Sterilgarda Spremuta di Ananas freschi 3 x 200 ml,"3,32 € / L","1,99€",Bevande e preparati,Succhi e bevande di frutta
Sterilgarda Spremuta di Arance bionde fresche 3 x 200 ml,"3,32 € / L","1,99€",Bevande e preparati,Succhi e bevande di frutta
DEMIPLT AC.NAT.TERM.ESSENZ.1l 5 1OM,"0,67 € / L","4,00€",Bevande e preparati,Succhi e bevande di frutta
SUCCO 100%MELA BOTTIGLIA 1l,"4,80 € / L","4,80€",Bevande e preparati,Succhi e bevande di frutta
SUCCO 100%MIRTILLI IL SOTTOBO 200ml,"29,90 € / L","5,98€",Bevande e preparati,Succhi e bevande di frutta
"COCA-COLA Original Taste 1,35L x 2 (PET)","1,40 € / L","3,79€",Bevande e preparati,Bevande gassate
"COCA-COLA Original Taste 1,5L (PET)","1,37 € / L","2,05€",Bevande e preparati,Bevande gassate
COCA-COLA Original Taste 150 ml x 6 (Lattina),"3,44 € / L","3,10€",Bevande e preparati,Bevande gassate
Coca-Cola Original Taste 1L (PET),"1,45 € / L","1,45€",Bevande e preparati,Bevande gassate
COCA-COLA Original Taste 2L (PET),1.3 € / L,"1,99€",Bevande e preparati,Bevande gassate
COCA-COLA Original Taste Lattina 4 x 330 ml,"2,19 € / L","2,89€",Bevande e preparati,Bevande gassate
COCA-COLA Original Taste PET 4 x 660 ml,"1,74 € / L","4,59€",Bevande e preparati,Bevande gassate
COCA-COLA Original Taste PET 450 ml,"2,64 € / L","1,19€",Bevande e preparati,Bevande gassate
COCA-COLA Original Taste Vetro 3 x 350 ml,"4,09 € / L","4,29€",Bevande e preparati,Bevande gassate
COCA-COLA Original Taste Vetro 4 x 200 ml,"4,56 € / L","3,65€",Bevande e preparati,Bevande gassate
Coca-Cola Senza Caffeina Bottiglia di Plastica da 1500 ml,"1,37 € / L","2,05€",Bevande e preparati,Bevande gassate
Coca-Cola Senza Caffeina Bottiglia di Plastica da 660 ml,"1,74 € / L","1,15€",Bevande e preparati,Bevande gassate
COCA-COLA Senza Caffeina Lattina 4 x 330 ml,"2,19 € / L","2,89€",Bevande e preparati,Bevande gassate
COCA-COLA Senza Caffeina Lattina 6 x 150 ml,"3,44 € / L","3,10€",Bevande e preparati,Bevande gassate
COCA-COLA Zero Zuccheri 1 lt (PET),"1,45 € / L","1,45€",Bevande e preparati,Bevande gassate
"COCA-COLA Zero Zuccheri 1,35L x 2 (PET)","1,40 € / L","3,79€",Bevande e preparati,Bevande gassate
COCA-COLA Zero Zuccheri 150ml x 6 (Lattina),"3,44 € / L","3,10€",Bevande e preparati,Bevande gassate
COCA-COLA Zero Zuccheri 200 ml x 4 (Vetro),"4,56 € / L","3,65€",Bevande e preparati,Bevande gassate
COCA-COLA Zero Zuccheri 330ml x 4 (Lattina),"2,19 € / L","2,89€",Bevande e preparati,Bevande gassate
COCA-COLA Zero Zuccheri 350 ml x 3 (Vetro),"4,09 € / L","4,29€",Bevande e preparati,Bevande gassate
"Cedrata 1,5 l Conad","0,59 € / L","0,88€",Bevande e preparati,Bevande gassate
"Chinotto 1,5 l Conad","0,59 € / L","0,88€",Bevande e preparati,Bevande gassate
"Gassosa 1,5 l Conad","0,59 € / L","0,88€",Bevande e preparati,Bevande gassate
Ginger Zero 1 L Conad,"0,59 € / L","0,59€",Bevande e preparati,Bevande gassate
"Limonata 1,5 l Conad","0,59 € / L","0,88€",Bevande e preparati,Bevande gassate
Limonata Zero 1 L Conad,"0,59 € / L","0,59€",Bevande e preparati,Bevande gassate
"Pompelmo 1,5 l. Conad","0,59 € / L","0,88€",Bevande e preparati,Bevande gassate
Tonica 1 l Conad,"0,79 € / L","0,79€",Bevande e preparati,Bevande gassate
Tonica 4 x 500 ml Conad,"0,82 € / L","1,65€",Bevande e preparati,Bevande gassate
Tonica Limone 1 l Cqonad,"0,79 € / L","0,79€",Bevande e preparati,Bevande gassate
"Cedrata San Benedetto 1,5 L PET",0.6 € / L,"0,59€",Bevande e preparati,Bevande gassate
"Gassosa San Benedetto 1,5 L PET",0.6 € / L,"0,59€",Bevande e preparati,Bevande gassate
"Ginger San Benedetto 1,5 L PET",0.6 € / L,"0,59€",Bevande e preparati,Bevande gassate
"Limone San Benedetto 1,5 L PET",0.6 € / L,"0,59€",Bevande e preparati,Bevande gassate
"Pompelmo San Benedetto 1,5 L PET",0.6 € / L,"0,59€",Bevande e preparati,Bevande gassate
"San Benedetto Chinotto 1,5L",0.6 € / L,"0,59€",Bevande e preparati,Bevande gassate
"7UP 1,5 L","0,66 € / Kg","0,99€",Bevande e preparati,Bevande gassate
"Chinotto San Benedetto Zero 0,75 L PET","0,92 € / L","0,69€",Bevande e preparati,Bevande gassate
"Gassosa San Benedetto Zero 0,75 L PET","0,92 € / L","0,69€",Bevande e preparati,Bevande gassate
"Ginger San Benedetto Zero 0,75 L PET","0,92 € / L","0,69€",Bevande e preparati,Bevande gassate
Lemonsoda 125 cl,"1,19 € / L","1,49€",Bevande e preparati,Bevande gassate
Lemonsoda 33 cl,"2,06 € / L","0,68€",Bevande e preparati,Bevande gassate
Lemonsoda 4 x 33 cl,"1,93 € / L","2,55€",Bevande e preparati,Bevande gassate
Lemonsoda Mojito 33 cl,"1,52 € / L","0,50€",Bevande e preparati,Bevande gassate
Lurisia il Nostro Chinotto confezione 4 x 275 ml,"3,81 € / L","4,19€",Bevande e preparati,Bevande gassate
Lurisia la Nostra Acqua Tonica confezione 4 x 275 ml,"3,81 € / L","4,19€",Bevande e preparati,Bevande gassate
Lurisia la Nostra Gazzosa confezione 4 x 275 ml,"3,81 € / L","4,19€",Bevande e preparati,Bevande gassate
"Pompelmo San Benedetto Zero 0,75 L PET","0,92 € / L","0,69€",Bevande e preparati,Bevande gassate
"RECOARO ACQUA BRILLANTE Bibita Gassata, Acqua Tonica 20cl x 6","2,96 € / L","3,55€",Bevande e preparati,Bevande gassate
"RECOARO ACQUA BRILLANTE Bibita Gassata, Acqua Tonica 33cl, Lattina","1,52 € / L","0,50€",Bevande e preparati,Bevande gassate
"COCA-COLA Original Taste 1,35L x 2 (PET)","1,40 € / L","3,79€",Bevande e preparati,Bevande gassate
"COCA-COLA Original Taste 1,5L (PET)","1,37 € / L","2,05€",Bevande e preparati,Bevande gassate
COCA-COLA Original Taste 150 ml x 6 (Lattina),"3,44 € / L","3,10€",Bevande e preparati,Bevande gassate
Coca-Cola Original Taste 1L (PET),"1,45 € / L","1,45€",Bevande e preparati,Bevande gassate
COCA-COLA Original Taste 2L (PET),1.3 € / L,"1,99€",Bevande e preparati,Bevande gassate
COCA-COLA Original Taste Lattina 4 x 330 ml,"2,19 € / L","2,89€",Bevande e preparati,Bevande gassate
COCA-COLA Original Taste PET 4 x 660 ml,"1,74 € / L","4,59€",Bevande e preparati,Bevande gassate
COCA-COLA Original Taste PET 450 ml,"2,64 € / L","1,19€",Bevande e preparati,Bevande gassate
COCA-COLA Original Taste Vetro 3 x 350 ml,"4,09 € / L","4,29€",Bevande e preparati,Bevande gassate
COCA-COLA Original Taste Vetro 4 x 200 ml,"4,56 € / L","3,65€",Bevande e preparati,Bevande gassate
Coca-Cola Senza Caffeina Bottiglia di Plastica da 1500 ml,"1,37 € / L","2,05€",Bevande e preparati,Bevande gassate
Coca-Cola Senza Caffeina Bottiglia di Plastica da 660 ml,"1,74 € / L","1,15€",Bevande e preparati,Bevande gassate
COCA-COLA Senza Caffeina Lattina 4 x 330 ml,"2,19 € / L","2,89€",Bevande e preparati,Bevande gassate
COCA-COLA Senza Caffeina Lattina 6 x 150 ml,"3,44 € / L","3,10€",Bevande e preparati,Bevande gassate
COCA-COLA Zero Zuccheri 1 lt (PET),"1,45 € / L","1,45€",Bevande e preparati,Bevande gassate
"COCA-COLA Zero Zuccheri 1,35L x 2 (PET)","1,40 € / L","3,79€",Bevande e preparati,Bevande gassate
COCA-COLA Zero Zuccheri 150ml x 6 (Lattina),"3,44 € / L","3,10€",Bevande e preparati,Bevande gassate
COCA-COLA Zero Zuccheri 200 ml x 4 (Vetro),"4,56 € / L","3,65€",Bevande e preparati,Bevande gassate
COCA-COLA Zero Zuccheri 330ml x 4 (Lattina),"2,19 € / L","2,89€",Bevande e preparati,Bevande gassate
COCA-COLA Zero Zuccheri 350 ml x 3 (Vetro),"4,09 € / L","4,29€",Bevande e preparati,Bevande gassate
"SANPELLEGRINO Chinò 1,2 L","1,16 € / L","1,45€",Bevande e preparati,Bevande gassate
SANPELLEGRINO Chinò Zero 75 cl,"1,32 € / L","0,99€",Bevande e preparati,Bevande gassate
"SANPELLEGRINO Cocktail 1,2 L","1,16 € / L","1,45€",Bevande e preparati,Bevande gassate
SANPELLEGRINO Cocktail Zero 75 cl,"1,32 € / L","0,99€",Bevande e preparati,Bevande gassate
Schweppes Agrumi 1 L PET,"1,29 € / L","1,29€",Bevande e preparati,Bevande gassate
"Schweppes Limone 0,25 L Pet x 4","2,85 € / L","2,85€",Bevande e preparati,Bevande gassate
Schweppes Limone 1l,"1,29 € / L","1,29€",Bevande e preparati,Bevande gassate
Schweppes Pompelmo in Rosa 1 L PET,"1,29 € / L","1,29€",Bevande e preparati,Bevande gassate
"Schweppes Tonica 0,33 L lattina sleek","2,12 € / L","0,70€",Bevande e preparati,Bevande gassate
Schweppes Tonica 1l,"1,29 € / L","1,29€",Bevande e preparati,Bevande gassate
"Schweppes Tonica 4x0,25l","2,85 € / L","2,85€",Bevande e preparati,Bevande gassate
Schweppes Tonica Pink 1 L PET,"1,29 € / L","1,29€",Bevande e preparati,Bevande gassate
Sprite Bibita Gassata 330ml x 4 (Lattina),"1,96 € / L","2,59€",Bevande e preparati,Bevande gassate
"Sprite PET 1,5 lt","1,07 € / L","1,60€",Bevande e preparati,Bevande gassate
"SPRITE, Bibita gassata 1 lt x2 (PET)","1,10 € / L","2,19€",Bevande e preparati,Bevande gassate
"SPRITE, Bibita gassata 450 ml (PET)","2,64 € / L","1,19€",Bevande e preparati,Bevande gassate
"SPRITE, Bibita gassata 660 ml x4 (PET)","1,32 € / L","3,49€",Bevande e preparati,Bevande gassate
Aranciata 6 x 33 cl Conad,1.3 € / L,"1,99€",Bevande e preparati,Bevande gassate
Aranciata 1.5 l Conad,"0,59 € / L","0,88€",Bevande e preparati,Bevande gassate
Aranciata 4 x 500 ml Conad,"0,99 € / L","1,98€",Bevande e preparati,Bevande gassate
Aranciata Zero 1 l Conad,"0,59 € / L","0,59€",Bevande e preparati,Bevande gassate
Aranciata Zero 1.5 l Conad,"0,59 € / L","0,88€",Bevande e preparati,Bevande gassate
"Allegra Rossa San Benedetto 1,5 L PET",0.6 € / L,"0,59€",Bevande e preparati,Bevande gassate
"Allegra San Benedetto 1,5 L PET",0.6 € / L,"0,59€",Bevande e preparati,Bevande gassate
"Allegra San Benedetto Zero 0,75 L PET","0,92 € / L","0,69€",Bevande e preparati,Bevande gassate
"Fanta Orange PET 1,5 lt. x 1","1,17 € / L","1,75€",Bevande e preparati,Bevande gassate
Fanta Original Bottiglia di plastica 660ml x4,"1,62 € / L","4,29€",Bevande e preparati,Bevande gassate
Fanta Original Bottiglia di Plastica da 450 ml,"2,64 € / L","1,19€",Bevande e preparati,Bevande gassate
"FANTA Original, Bibita Gassata 2x1L (PET)","1,10 € / L","2,19€",Bevande e preparati,Bevande gassate
"FANTA Senza Zuccheri Aggiunti PET 1,5 L","1,17 € / L","1,75€",Bevande e preparati,Bevande gassate
"COCA-COLA Original Taste 1,35L x 2 (PET)","1,40 € / L","3,79€",Bevande e preparati,Bevande gassate
"COCA-COLA Original Taste 1,5L (PET)","1,37 € / L","2,05€",Bevande e preparati,Bevande gassate
COCA-COLA Original Taste 150 ml x 6 (Lattina),"3,44 € / L","3,10€",Bevande e preparati,Bevande gassate
Coca-Cola Original Taste 1L (PET),"1,45 € / L","1,45€",Bevande e preparati,Bevande gassate
COCA-COLA Original Taste 2L (PET),1.3 € / L,"1,99€",Bevande e preparati,Bevande gassate
COCA-COLA Original Taste Lattina 4 x 330 ml,"2,19 € / L","2,89€",Bevande e preparati,Bevande gassate
COCA-COLA Original Taste PET 4 x 660 ml,"1,74 € / L","4,59€",Bevande e preparati,Bevande gassate
COCA-COLA Original Taste PET 450 ml,"2,64 € / L","1,19€",Bevande e preparati,Bevande gassate
COCA-COLA Original Taste Vetro 3 x 350 ml,"4,09 € / L","4,29€",Bevande e preparati,Bevande gassate
COCA-COLA Original Taste Vetro 4 x 200 ml,"4,56 € / L","3,65€",Bevande e preparati,Bevande gassate
Coca-Cola Senza Caffeina Bottiglia di Plastica da 1500 ml,"1,37 € / L","2,05€",Bevande e preparati,Bevande gassate
Coca-Cola Senza Caffeina Bottiglia di Plastica da 660 ml,"1,74 € / L","1,15€",Bevande e preparati,Bevande gassate
COCA-COLA Senza Caffeina Lattina 4 x 330 ml,"2,19 € / L","2,89€",Bevande e preparati,Bevande gassate
COCA-COLA Senza Caffeina Lattina 6 x 150 ml,"3,44 € / L","3,10€",Bevande e preparati,Bevande gassate
COCA-COLA Zero Zuccheri 1 lt (PET),"1,45 € / L","1,45€",Bevande e preparati,Bevande gassate
"COCA-COLA Zero Zuccheri 1,35L x 2 (PET)","1,40 € / L","3,79€",Bevande e preparati,Bevande gassate
COCA-COLA Zero Zuccheri 150ml x 6 (Lattina),"3,44 € / L","3,10€",Bevande e preparati,Bevande gassate
COCA-COLA Zero Zuccheri 200 ml x 4 (Vetro),"4,56 € / L","3,65€",Bevande e preparati,Bevande gassate
COCA-COLA Zero Zuccheri 330ml x 4 (Lattina),"2,19 € / L","2,89€",Bevande e preparati,Bevande gassate
COCA-COLA Zero Zuccheri 350 ml x 3 (Vetro),"4,09 € / L","4,29€",Bevande e preparati,Bevande gassate
Lurisia la Nostra Aranciata confezione 4 x 275 ml,"3,81 € / L","4,19€",Bevande e preparati,Bevande gassate
Oransoda 125 cl,"1,19 € / L","1,49€",Bevande e preparati,Bevande gassate
Oransoda 33 cl,"2,06 € / L","0,68€",Bevande e preparati,Bevande gassate
Oransoda 4 x 33 cl,"1,93 € / L","2,55€",Bevande e preparati,Bevande gassate
"San Benedetto Allegra Zero con succo d'agrumi 0,25 L x4","1,39 € / L","1,39€",Bevande e preparati,Bevande gassate
"SANPELLEGRINO Naturali Aranciata 1,2 L","1,16 € / L","1,45€",Bevande e preparati,Bevande gassate
"SANPELLEGRINO Naturali Aranciata Amara 1,2 L","1,16 € / L","1,45€",Bevande e preparati,Bevande gassate
Cola Classic 6 x 33 cl Conad,1.2 € / L,"1,99€",Bevande e preparati,Bevande gassate
Cola Zero Zuccheri 6 x 33 cl Conad,1.2 € / L,"1,99€",Bevande e preparati,Bevande gassate
Cola Classic 1.5 l Conad,"0,59 € / L","0,89€",Bevande e preparati,Bevande gassate
Cola Classic 4 x 500 ml Conad,"0,90 € / L","1,79€",Bevande e preparati,Bevande gassate
Cola Gusto Lemon Zero Zuccheri 1 l Conad,"0,59 € / L","0,59€",Bevande e preparati,Bevande gassate
Cola Senza Caffeina 1.5 l Conad,"0,59 € / L","0,89€",Bevande e preparati,Bevande gassate
Cola Zero Zuccheri 1.5 l Conad,"0,59 € / L","0,89€",Bevande e preparati,Bevande gassate
Premium Cola Zero Zuccheri l 1 Conad,"0,59 € / L","0,59€",Bevande e preparati,Bevande gassate
COCA-COLA Original Taste 2L (PET),1.3 € / L,"1,99€",Bevande e preparati,Bevande gassate
"COCA-COLA Original Taste 1,35L x 2 (PET)","1,40 € / L","3,79€",Bevande e preparati,Bevande gassate
"COCA-COLA Original Taste 1,5L (PET)","1,37 € / L","2,05€",Bevande e preparati,Bevande gassate
COCA-COLA Original Taste 150 ml x 6 (Lattina),"3,44 € / L","3,10€",Bevande e preparati,Bevande gassate
Coca-Cola Original Taste 1L (PET),"1,45 € / L","1,45€",Bevande e preparati,Bevande gassate
COCA-COLA Original Taste Lattina 4 x 330 ml,"2,19 € / L","2,89€",Bevande e preparati,Bevande gassate
COCA-COLA Original Taste PET 4 x 660 ml,"1,74 € / L","4,59€",Bevande e preparati,Bevande gassate
COCA-COLA Original Taste PET 450 ml,"2,64 € / L","1,19€",Bevande e preparati,Bevande gassate
COCA-COLA Original Taste Vetro 3 x 350 ml,"4,09 € / L","4,29€",Bevande e preparati,Bevande gassate
COCA-COLA Original Taste Vetro 4 x 200 ml,"4,56 € / L","3,65€",Bevande e preparati,Bevande gassate
Coca-Cola Senza Caffeina Bottiglia di Plastica da 1500 ml,"1,37 € / L","2,05€",Bevande e preparati,Bevande gassate
Coca-Cola Senza Caffeina Bottiglia di Plastica da 660 ml,"1,74 € / L","1,15€",Bevande e preparati,Bevande gassate
COCA-COLA Senza Caffeina Lattina 4 x 330 ml,"2,19 € / L","2,89€",Bevande e preparati,Bevande gassate
COCA-COLA Senza Caffeina Lattina 6 x 150 ml,"3,44 € / L","3,10€",Bevande e preparati,Bevande gassate
COCA-COLA Zero Zuccheri 1 lt (PET),"1,45 € / L","1,45€",Bevande e preparati,Bevande gassate
"COCA-COLA Original Taste 1,35L x 2 (PET)","1,40 € / L","3,79€",Bevande e preparati,Bevande gassate
"COCA-COLA Original Taste 1,5L (PET)","1,37 € / L","2,05€",Bevande e preparati,Bevande gassate
COCA-COLA Original Taste 150 ml x 6 (Lattina),"3,44 € / L","3,10€",Bevande e preparati,Bevande gassate
Coca-Cola Original Taste 1L (PET),"1,45 € / L","1,45€",Bevande e preparati,Bevande gassate
COCA-COLA Original Taste 2L (PET),1.3 € / L,"1,99€",Bevande e preparati,Bevande gassate
COCA-COLA Original Taste Lattina 4 x 330 ml,"2,19 € / L","2,89€",Bevande e preparati,Bevande gassate
COCA-COLA Original Taste PET 4 x 660 ml,"1,74 € / L","4,59€",Bevande e preparati,Bevande gassate
COCA-COLA Original Taste PET 450 ml,"2,64 € / L","1,19€",Bevande e preparati,Bevande gassate
COCA-COLA Original Taste Vetro 3 x 350 ml,"4,09 € / L","4,29€",Bevande e preparati,Bevande gassate
COCA-COLA Original Taste Vetro 4 x 200 ml,"4,56 € / L","3,65€",Bevande e preparati,Bevande gassate
Coca-Cola Senza Caffeina Bottiglia di Plastica da 1500 ml,"1,37 € / L","2,05€",Bevande e preparati,Bevande gassate
Coca-Cola Senza Caffeina Bottiglia di Plastica da 660 ml,"1,74 € / L","1,15€",Bevande e preparati,Bevande gassate
COCA-COLA Senza Caffeina Lattina 4 x 330 ml,"2,19 € / L","2,89€",Bevande e preparati,Bevande gassate
COCA-COLA Senza Caffeina Lattina 6 x 150 ml,"3,44 € / L","3,10€",Bevande e preparati,Bevande gassate
COCA-COLA Zero Zuccheri 1 lt (PET),"1,45 € / L","1,45€",Bevande e preparati,Bevande gassate
"COCA-COLA Zero Zuccheri 1,35L x 2 (PET)","1,40 € / L","3,79€",Bevande e preparati,Bevande gassate
COCA-COLA Zero Zuccheri 150ml x 6 (Lattina),"3,44 € / L","3,10€",Bevande e preparati,Bevande gassate
COCA-COLA Zero Zuccheri 200 ml x 4 (Vetro),"4,56 € / L","3,65€",Bevande e preparati,Bevande gassate
COCA-COLA Zero Zuccheri 330ml x 4 (Lattina),"2,19 € / L","2,89€",Bevande e preparati,Bevande gassate
COCA-COLA Zero Zuccheri 350 ml x 3 (Vetro),"4,09 € / L","4,29€",Bevande e preparati,Bevande gassate
"COCA-COLA Zero Zuccheri 1,35L x 2 (PET)","1,40 € / L","3,79€",Bevande e preparati,Bevande gassate
COCA-COLA Zero Zuccheri 150ml x 6 (Lattina),"3,44 € / L","3,10€",Bevande e preparati,Bevande gassate
COCA-COLA Zero Zuccheri 200 ml x 4 (Vetro),"4,56 € / L","3,65€",Bevande e preparati,Bevande gassate
COCA-COLA Zero Zuccheri 330ml x 4 (Lattina),"2,19 € / L","2,89€",Bevande e preparati,Bevande gassate
COCA-COLA Zero Zuccheri 350 ml x 3 (Vetro),"4,09 € / L","4,29€",Bevande e preparati,Bevande gassate
COCA-COLA Zero Zuccheri 450 ml (PET),"2,64 € / L","1,19€",Bevande e preparati,Bevande gassate
COCA-COLA Zero Zuccheri 660 ml x 4 (PET),"1,74 € / L","4,59€",Bevande e preparati,Bevande gassate
"COCA-COLA Zero Zuccheri PET 1,5 L","1,37 € / L","2,05€",Bevande e preparati,Bevande gassate
Pepsi 1 L,"0,95 € / L","0,95€",Bevande e preparati,Bevande gassate
"Pepsi 1,5 L","0,86 € / L","1,29€",Bevande e preparati,Bevande gassate
"Pepsi 2 x 1,5 L","0,83 € / Kg","2,50€",Bevande e preparati,Bevande gassate
Pepsi 330 ml,"1,36 € / L","0,45€",Bevande e preparati,Bevande gassate
Pepsi 4 x 330 ml,"5,73 € / L","1,89€",Bevande e preparati,Bevande gassate
"Pepsi Twist limone 1,5 L","0,86 € / Kg","1,29€",Bevande e preparati,Bevande gassate
"Pepsi Zero Zucchero 1,5 L","0,86 € / Kg","1,29€",Bevande e preparati,Bevande gassate
"Pepsi Zero Zucchero 2 x 1,5 L","0,83 € / Kg","2,50€",Bevande e preparati,Bevande gassate
"Red Bull Energy Drink, 250 ml",4.7 € / L,"0,99€",Bevande e preparati,Bevande gassate
"Red Bull Energy Drink, Senza Zuccheri, 250 ml",4.7 € / L,"0,99€",Bevande e preparati,Bevande gassate
"Red Bull Energy Drink, Zero Calorie, 250 ml",4.7 € / L,"0,99€",Bevande e preparati,Bevande gassate
Burn Original Slim Can 250 ml,"3,96 € / L","0,99€",Bevande e preparati,Bevande gassate
Lemonsoda Energy Activator Lemon Original 50 cl,"2,78 € / L","1,39€",Bevande e preparati,Bevande gassate
Lemonsoda Energy Activator Tropical Trip 50 cl,"2,78 € / L","1,39€",Bevande e preparati,Bevande gassate
Lemonsoda Energy Activator Zero Lemon Zero 50 cl,"2,78 € / L","1,39€",Bevande e preparati,Bevande gassate
Monster Energy Absolutely Zero 500 ml,"2,98 € / L","1,49€",Bevande e preparati,Bevande gassate
Monster Energy Pacific Punch 500ml,"2,98 € / L","1,49€",Bevande e preparati,Bevande gassate
Monster Energy Pipeline Punch 500ml CAN,"2,98 € / L","1,49€",Bevande e preparati,Bevande gassate
Monster Energy the doctor 500 ml,"2,98 € / L","1,49€",Bevande e preparati,Bevande gassate
Monster Energy Ultra Fiesta 500ml,"2,98 € / L","1,49€",Bevande e preparati,Bevande gassate
Monster Energy Ultra Paradise 500ml CAN,"2,98 € / L","1,49€",Bevande e preparati,Bevande gassate
"Monster green da 0,5 l","2,98 € / L","1,49€",Bevande e preparati,Bevande gassate
"COCA-COLA Original Taste 1,35L x 2 (PET)","1,40 € / L","3,79€",Bevande e preparati,Bevande gassate
"COCA-COLA Original Taste 1,5L (PET)","1,37 € / L","2,05€",Bevande e preparati,Bevande gassate
COCA-COLA Original Taste 150 ml x 6 (Lattina),"3,44 € / L","3,10€",Bevande e preparati,Bevande gassate
Coca-Cola Original Taste 1L (PET),"1,45 € / L","1,45€",Bevande e preparati,Bevande gassate
COCA-COLA Original Taste 2L (PET),1.3 € / L,"1,99€",Bevande e preparati,Bevande gassate
COCA-COLA Original Taste Lattina 4 x 330 ml,"2,19 € / L","2,89€",Bevande e preparati,Bevande gassate
COCA-COLA Original Taste PET 4 x 660 ml,"1,74 € / L","4,59€",Bevande e preparati,Bevande gassate
COCA-COLA Original Taste PET 450 ml,"2,64 € / L","1,19€",Bevande e preparati,Bevande gassate
COCA-COLA Original Taste Vetro 3 x 350 ml,"4,09 € / L","4,29€",Bevande e preparati,Bevande gassate
COCA-COLA Original Taste Vetro 4 x 200 ml,"4,56 € / L","3,65€",Bevande e preparati,Bevande gassate
Coca-Cola Senza Caffeina Bottiglia di Plastica da 1500 ml,"1,37 € / L","2,05€",Bevande e preparati,Bevande gassate
Coca-Cola Senza Caffeina Bottiglia di Plastica da 660 ml,"1,74 € / L","1,15€",Bevande e preparati,Bevande gassate
COCA-COLA Senza Caffeina Lattina 4 x 330 ml,"2,19 € / L","2,89€",Bevande e preparati,Bevande gassate
COCA-COLA Senza Caffeina Lattina 6 x 150 ml,"3,44 € / L","3,10€",Bevande e preparati,Bevande gassate
COCA-COLA Zero Zuccheri 1 lt (PET),"1,45 € / L","1,45€",Bevande e preparati,Bevande gassate
"COCA-COLA Zero Zuccheri 1,35L x 2 (PET)","1,40 € / L","3,79€",Bevande e preparati,Bevande gassate
COCA-COLA Zero Zuccheri 150ml x 6 (Lattina),"3,44 € / L","3,10€",Bevande e preparati,Bevande gassate
COCA-COLA Zero Zuccheri 200 ml x 4 (Vetro),"4,56 € / L","3,65€",Bevande e preparati,Bevande gassate
COCA-COLA Zero Zuccheri 330ml x 4 (Lattina),"2,19 € / L","2,89€",Bevande e preparati,Bevande gassate
COCA-COLA Zero Zuccheri 350 ml x 3 (Vetro),"4,09 € / L","4,29€",Bevande e preparati,Bevande gassate
Monster Mango Loco lattina da 500ml,"2,98 € / L","1,49€",Bevande e preparati,Bevande gassate
Monster Ultra White lattina da 500ml,"2,98 € / L","1,49€",Bevande e preparati,Bevande gassate
"Red Bull Energy Drink, 250 ml (2 Lattine)","9,40 € / L","2,35€",Bevande e preparati,Bevande gassate
"Red Bull Energy Drink, 250 ml (4 Lattine)","4,99 € / L","4,99€",Bevande e preparati,Bevande gassate
"Red Bull Energy Drink, 355 ml","4,93 € / L","1,75€",Bevande e preparati,Bevande gassate
"ACQUA DI SODA SELZ PET 1,5l","2,13 € / L","3,20€",Bevande e preparati,Bevande gassate
ARANCIATA/BERGAMOT.BIO RECOARO 80cl,"1,61 € / L","1,29€",Bevande e preparati,Bevande gassate
CHINOTTO S.PELLEGRINO LAT.4x33cl,"2,16 € / L","2,85€",Bevande e preparati,Bevande gassate
FANTA ZERO LATTINA 4x33cl,"1,96 € / L","2,59€",Bevande e preparati,Bevande gassate
FEVER TREE MEDITERRANEAN 4x200ml,"6,86 € / L","5,49€",Bevande e preparati,Bevande gassate
FEVERTREE TONIC INDIAN WATER4x200ml,"6,86 € / L","5,49€",Bevande e preparati,Bevande gassate
LIMONATA/ZENZERO BIO RECOARO 80cl,"1,61 € / L","1,29€",Bevande e preparati,Bevande gassate
"SPUMA BIANCA SPUMADOR PET 1,15l","0,85 € / L","0,98€",Bevande e preparati,Bevande gassate
"SPUMA NERA SPUMADOR PET 1,15l","0,85 € / L","0,98€",Bevande e preparati,Bevande gassate
"COCA COLA S.Z. E S.CAFF. 1,5l","0,14 € / L","2,09€",Bevande e preparati,Bevande gassate
COCA COLA S.Z. E S.CAFF.4x33cl,"2,23 € / L","2,95€",Bevande e preparati,Bevande gassate
Aperitivo 70 cl Conad,"6,13 € / L","4,29€",Bevande e preparati,Aperitivi
Bitter 70 cl Conad,"8,56 € / L","5,99€",Bevande e preparati,Aperitivi
Aperol 70 cl,"12,84 € / L","8,99€",Bevande e preparati,Aperitivi
Aperol Soda 6 x 125 ml,"5,32 € / L","3,99€",Bevande e preparati,Aperitivi
"Aperol Spritz 3 x 17,5 cl","7,91 € / L","4,19€",Bevande e preparati,Aperitivi
Campari Bitter 100 cl,"16,90 € / L","16,90€",Bevande e preparati,Aperitivi
"Campari Soda aperitivo bitter con soda 5 bottigliette 9,8 cl","10,18 € / L","4,99€",Bevande e preparati,Aperitivi
Martini l'Aperitivo Bianco 1 L,"7,95 € / L","7,95€",Bevande e preparati,Aperitivi
Martini l'Aperitivo Rosso 1 L,"7,95 € / L","7,95€",Bevande e preparati,Aperitivi
Bitter Bianco 6 x 100 ml Conad,"3,08 € / L","1,85€",Bevande e preparati,Aperitivi
Bitter rosso 100 ml. Conad,"3,08 € / L","1,85€",Bevande e preparati,Aperitivi
Ginger 6 x 100 ml Conad,"3,08 € / L","1,85€",Bevande e preparati,Aperitivi
Crodino aperitivo monodose analcolico 10 x 10 cl,"5,25 € / L","5,25€",Bevande e preparati,Aperitivi
Crodino Gusto Arancia Rossa 10 x 10 cl,"5,25 € / L","5,25€",Bevande e preparati,Aperitivi
"Crodino Twist Gusto Agrumi 3 x 17,5 cl","5,83 € / L","3,09€",Bevande e preparati,Aperitivi
APER.SPRIZ PRONTO MIONETTO 75cl,"7,27 € / L","5,45€",Bevande e preparati,Aperitivi
APERITIVO MY SPRITZ 11° 1l,"4,39 € / L","4,39€",Bevande e preparati,Aperitivi
APERITIVO SANTERO 958 MIX 75cl,"14,53 € / L","10,90€",Bevande e preparati,Aperitivi
BACARDI CUBA LIBRE LATT.25cl,"8,60 € / L","2,15€",Bevande e preparati,Aperitivi
BITTER ROSSO POLINI BT.100cl,"7,90 € / L","7,90€",Bevande e preparati,Aperitivi
COSMOPOLITAN SPIRITO COCK.2BSTx10cl,"29,95 € / L","5,99€",Bevande e preparati,Aperitivi
MOJITO SPIRITO COCKTAIL 2BSTx10cl,"29,95 € / L","5,99€",Bevande e preparati,Aperitivi
MOSCOW MULE SPIRITO COCKT.2BSTx10cl,"29,95 € / L","5,99€",Bevande e preparati,Aperitivi
NEGRONI SPIRITO COCKTAIL 2BSTx10cl,"29,95 € / L","5,99€",Bevande e preparati,Aperitivi
SANBITTER FIZZ 3x25cl,"4,52 € / L","3,39€",Bevande e preparati,Aperitivi
SPRITZ PARTY CESCON 75cl,"6,65 € / L","4,99€",Bevande e preparati,Aperitivi
WISKY LAWSON'S&COLA LATT.25 cl,"8,80 € / L","2,20€",Bevande e preparati,Aperitivi
ASSENZIO APERITIVO LURISIA 4x150cl,"5,25 € / L","3,15€",Bevande e preparati,Aperitivi
GENZIANA APERITIVO LURISIA 4x150cl,"5,25 € / L","3,15€",Bevande e preparati,Aperitivi
Cacao Solubile 500 g Conad,"4,78 € / Kg","2,39€",Bevande e preparati,Solubili e sciroppi
Cameo Ciobar Bianco 5 x 21 g,"16,67 € / Kg","1,75€",Bevande e preparati,Solubili e sciroppi
Cameo Ciobar Gusto Fondente 5 x 23 g,"15,22 € / Kg","1,75€",Bevande e preparati,Solubili e sciroppi
Ciobar Gusto Classico 5 x 25 g Cameo,"14,00 € / Kg","1,75€",Bevande e preparati,Solubili e sciroppi
NESCAFÉ DOLCE GUSTO Chococino Cioccolata 16 capsule 256 g,"23,40 € / Kg","5,99€",Bevande e preparati,Solubili e sciroppi
NESCAFÉ DOLCE GUSTO Nesquik Bevanda al gusto di cioccolato 16 capsule 256 g,"23,40 € / Kg","5,99€",Bevande e preparati,Solubili e sciroppi
NESQUIK 30% Meno Zuccheri Preparato Solubile per Bevanda con Cacao Magro barattolo 350 g,"9,86 € / Kg","3,45€",Bevande e preparati,Solubili e sciroppi
Nesquik Cacao Solubile per Latte barattolo 500g,"8,30 € / Kg","4,15€",Bevande e preparati,Solubili e sciroppi
NESQUIK EXTRA CHOCO Cacao solubile per latte barattolo 390g,"8,59 € / Kg","3,35€",Bevande e preparati,Solubili e sciroppi
NESQUIK Preparato Solubile per Bevanda con Cacao Magro barattolo 250 g,"10,00 € / Kg","2,50€",Bevande e preparati,Solubili e sciroppi
Ovomaltine 400 g,"13,25 € / Kg","5,30€",Bevande e preparati,Solubili e sciroppi
Bicarbonato di sodio purissimo 500 g Conad,"2,20 € / Kg","1,10€",Bevande e preparati,Solubili e sciroppi
Effervescente con Succo di Limone 250 g Conad,"11,40 € / Kg","2,85€",Bevande e preparati,Solubili e sciroppi
Brioschi Effervescente digestivo rinfrescante e dissetante 250 g,"16,60 € / Kg","4,15€",Bevande e preparati,Solubili e sciroppi
Solvay Bicarbonato di sodio purissimo 750 g,"3,80 € / Kg","2,85€",Bevande e preparati,Solubili e sciroppi
Granarolo Latte con Cacao 500 ml,"3,58 € / L","1,79€",Bevande e preparati,Solubili e sciroppi
Lipton IceTea Limone 125 g,"7,12 € / Kg","0,89€",Bevande e preparati,Solubili e sciroppi
Lipton IceTea Pesca 125 g,"7,12 € / Kg","0,89€",Bevande e preparati,Solubili e sciroppi
Ristora Idrolitina Preparato per Acqua da Tavola 20 buste 200 g,"7,75 € / Kg","1,55€",Bevande e preparati,Solubili e sciroppi
Ristora preparato solubile per bevanda di Tè al Limone istantaneo 1 kg,"2,79 € / Kg","2,79€",Bevande e preparati,Solubili e sciroppi
Ristora preparato solubile per bevanda di Tè alla Pesca istantaneo 1 kg,"2,79 € / Kg","2,79€",Bevande e preparati,Solubili e sciroppi
Starbucks Caffè Latte 220 ml,"11,32 € / L","2,49€",Bevande e preparati,Solubili e sciroppi
Starbucks Cappuccino 220 ml,"11,32 € / L","2,49€",Bevande e preparati,Solubili e sciroppi
Starbucks Caramel Macchiato Flavour Chilled Coffee 220 ml,"11,32 € / L","2,49€",Bevande e preparati,Solubili e sciroppi
Thé Infré Solubile Deteinato 14 Bustine 70 g,"39,86 € / Kg","2,79€",Bevande e preparati,Solubili e sciroppi
Menta Zero Zuccheri 560 ml Conad,"5,34 € / L","2,99€",Bevande e preparati,Solubili e sciroppi
Sciroppo di Amarena 560 ml Conad,"5,34 € / L","2,99€",Bevande e preparati,Solubili e sciroppi
Sciroppo di Latte di Mandorla 560 ml Conad,"7,59 € / L","4,25€",Bevande e preparati,Solubili e sciroppi
Sciroppo di Limone 560 ml Conad,"5,34 € / L","2,99€",Bevande e preparati,Solubili e sciroppi
Sciroppo di Orzata 560 ml Conad,"5,34 € / L","2,99€",Bevande e preparati,Solubili e sciroppi
Amarena Fabbri 560 ml,8.1 € / L,"3,59€",Bevande e preparati,Solubili e sciroppi
Amarena Fabbri Zero 560 ml,8.1 € / L,"3,59€",Bevande e preparati,Solubili e sciroppi
Fabbri Menta 560 ml,8.1 € / L,"3,59€",Bevande e preparati,Solubili e sciroppi
Fabbri Menta Piperita 560 ml,8.1 € / L,"3,59€",Bevande e preparati,Solubili e sciroppi
Fabbri Tamarindo 560 ml,8.1 € / L,"3,59€",Bevande e preparati,Solubili e sciroppi
Fabbri Zero Chinotto 560 ml,8.1 € / L,"3,59€",Bevande e preparati,Solubili e sciroppi
Fabbri Zero Menta 560 ml,8.1 € / L,"3,59€",Bevande e preparati,Solubili e sciroppi
"CANNUCCE MAGIC MILK CIOC.DOLF.45,5g","36,74 € / Kg","1,69€",Bevande e preparati,Solubili e sciroppi
CANNUCCE MAGIC MILK FRAG.DOLF.45.5g,"36,74 € / Kg","1,69€",Bevande e preparati,Solubili e sciroppi
ALCOOL PURO FALED 96° 1l,"15,39 € / L","15,39€",Bevande e preparati,Solubili e sciroppi
ALCOOL PURO FALED 96° 50cl,"16,90 € / L","8,45€",Bevande e preparati,Solubili e sciroppi
SCIR.MENTA VERDE TASSONI 560ml,"8,55 € / L","4,79€",Bevande e preparati,Solubili e sciroppi
Bevanda di Mandorla Biologica 1 l Verso Natura Bio Conad,"2,29 € / L","2,29€",Bevande e preparati,The freddo e altre bevande
"POWERADE Blood Orange, Sport Drink al gusto Arancia Rossa 500ml (PET)",2.1 € / L,"0,89€",Bevande e preparati,The freddo e altre bevande
"POWERADE Citrus, Sport Drink al gusto Limone 500ml (PET)",2.1 € / L,"0,89€",Bevande e preparati,The freddo e altre bevande
"POWERADE Mountain Blast, Sport Drink 500ml (PET)",2.1 € / L,"0,89€",Bevande e preparati,The freddo e altre bevande
"POWERADE Orange, Sport Drink gusto Arancia 500ml (PET)",2.1 € / L,"0,89€",Bevande e preparati,The freddo e altre bevande
"Alpro Classico, Bevanda alla Mandorla, 100% vegetale con vitamine B2, B12 e D 1 Litro","2,99 € / L","2,99€",Bevande e preparati,The freddo e altre bevande
"Alpro Classico, Bevanda alla Mandorla, 100% vegetale con vitamine B2, B12 e D 1 Litro","3,15 € / L","3,15€",Bevande e preparati,The freddo e altre bevande
"Alpro Senza Zuccheri, Bevanda alla Mandorla, 100% vegetale con vitamine B2, B12 e D 1 Litro","3,15 € / L","3,15€",Bevande e preparati,The freddo e altre bevande
"Energade 0,5 L regular Limone","1,36 € / L","0,68€",Bevande e preparati,The freddo e altre bevande
"Energade Arancia 0,5 L","1,36 € / L","0,68€",Bevande e preparati,The freddo e altre bevande
"Energade Arancia 1,5 L","1,19 € / L","1,79€",Bevande e preparati,The freddo e altre bevande
"Energade Limone 1,5 L","1,19 € / L","1,79€",Bevande e preparati,The freddo e altre bevande
"Energade Zero Arancia 0,5 L PET","1,36 € / L","0,68€",Bevande e preparati,The freddo e altre bevande
"Energade Zero Limone 0,5 L PET","1,36 € / L","0,68€",Bevande e preparati,The freddo e altre bevande
"Gatorade Cool Blue 0,5 L","2,18 € / Kg","1,09€",Bevande e preparati,The freddo e altre bevande
"Gatorade Gusto Arancia 0,5 L","2,18 € / Kg","1,09€",Bevande e preparati,The freddo e altre bevande
"Gatorade Gusto Arancia 1,5 L","1,30 € / Kg","1,95€",Bevande e preparati,The freddo e altre bevande
"Gatorade Gusto Arancia Rossa 0,5 L","2,18 € / Kg","1,09€",Bevande e preparati,The freddo e altre bevande
"Gatorade Gusto Arancia Rossa 1,5 L","1,30 € / Kg","1,95€",Bevande e preparati,The freddo e altre bevande
"Gatorade Gusto Limone 0,5 L","2,18 € / Kg","1,09€",Bevande e preparati,The freddo e altre bevande
"Gatorade Gusto Limone 1,5 L","1,30 € / Kg","1,95€",Bevande e preparati,The freddo e altre bevande
Matt la scelta vegetale Cocco bio 1 L,"2,39 € / L","2,39€",Bevande e preparati,The freddo e altre bevande
"San Benedetto Aquavitamin Beauty-You Gusto Frutti Rossi 0,4 L","2,37 € / L","0,95€",Bevande e preparati,The freddo e altre bevande
"San Benedetto Aquavitamin Brain-Up Gusto Kiwi Mela Melograno 0,4 L","2,37 € / L","0,95€",Bevande e preparati,The freddo e altre bevande
"San Benedetto Aquavitamin C-Power Gusto Arancia 0,4 L","2,37 € / L","0,95€",Bevande e preparati,The freddo e altre bevande
"San Benedetto SKINCARE 0,22L gusto Pesca e Frutti Rossi","5,45 € / L","1,20€",Bevande e preparati,The freddo e altre bevande
Vitasnella le Linfe Depurativa con Aloe Vera 500 mL,"2,58 € / L","1,29€",Bevande e preparati,The freddo e altre bevande
Vitasnella le Linfe Detox con Limone Zenzero Menta 500 mL,"2,58 € / L","1,29€",Bevande e preparati,The freddo e altre bevande
Vitasnella le Linfe Drenante con Linfa di Betulla 500 mL,"2,58 € / L","1,29€",Bevande e preparati,The freddo e altre bevande
"Thè al Limone 1,5 l Conad","0,59 € / L","0,89€",Bevande e preparati,The freddo e altre bevande
Thè al Limone 3 x 200 ml Conad,"1,58 € / L","0,95€",Bevande e preparati,The freddo e altre bevande
Thè al Limone 500 ml Conad,"1,04 € / L","0,52€",Bevande e preparati,The freddo e altre bevande
"Thè al Limone Zero Zuccheri 1,5 l Conad","0,59 € / L","0,89€",Bevande e preparati,The freddo e altre bevande
"Thè alla Pesca 1,5 l Conad","0,59 € / L","0,89€",Bevande e preparati,The freddo e altre bevande
Thè alla Pesca 3 x 200 ml Conad,"1,58 € / L","0,95€",Bevande e preparati,The freddo e altre bevande
Thè alla Pesca 500 ml Conad,"1,04 € / L","0,52€",Bevande e preparati,The freddo e altre bevande
"Thè Verde 1,5 l Conad","0,59 € / L","0,89€",Bevande e preparati,The freddo e altre bevande
Thè Verde 500 ml Conad,"1,04 € / L","0,52€",Bevande e preparati,The freddo e altre bevande
"Thè Zero Zuccheri alla Pesca 1,5 l PET Conad","0,59 € / L","0,89€",Bevande e preparati,The freddo e altre bevande
"SanThé Sant'Anna Limone 1,5 L",0.7 € / L,"0,85€",Bevande e preparati,The freddo e altre bevande
"SanThé Sant'Anna Pesca 1,5 L",0.7 € / L,"0,85€",Bevande e preparati,The freddo e altre bevande
"Estathé deteinato limone 1,5 L","1,30 € / L","1,95€",Bevande e preparati,The freddo e altre bevande
Estathé deteinato limone Super Mario 3 x 200 ml,"2,82 € / L","1,69€",Bevande e preparati,The freddo e altre bevande
Estathé deteinato pesca Super Mario 3 x 200 ml,"2,82 € / L","1,69€",Bevande e preparati,The freddo e altre bevande
Estathé InFusion Mix Menta e Lime The Verde 400 ml,"2,47 € / L","0,99€",Bevande e preparati,The freddo e altre bevande
Estathé InFusion Mix Zenzero e Limone The Nero 400 ml,"2,47 € / L","0,99€",Bevande e preparati,The freddo e altre bevande
"Estathé limone 1,5 L","1,30 € / L","1,95€",Bevande e preparati,The freddo e altre bevande
Estathé limone 3 x 200 ml,"2,82 € / L","1,69€",Bevande e preparati,The freddo e altre bevande
Estathé limone 330 ml,"2,70 € / L","0,89€",Bevande e preparati,The freddo e altre bevande
Estathé limone 330 ml,"3,00 € / L","0,99€",Bevande e preparati,The freddo e altre bevande
Estathé limone 400 ml,"2,47 € / L","0,99€",Bevande e preparati,The freddo e altre bevande
"Estathé pesca 1,5 L","1,30 € / L","1,95€",Bevande e preparati,The freddo e altre bevande
Estathé pesca 3 x 200 ml,"2,82 € / L","1,69€",Bevande e preparati,The freddo e altre bevande
Estathé pesca 330 ml,"2,67 € / L","0,88€",Bevande e preparati,The freddo e altre bevande
Estathé pesca 330 ml,"3,00 € / L","0,99€",Bevande e preparati,The freddo e altre bevande
Estathé pesca 400 ml,"2,47 € / L","0,99€",Bevande e preparati,The freddo e altre bevande
"Estathé zero limone 1,5 L","1,30 € / L","1,95€",Bevande e preparati,The freddo e altre bevande
Estathé zero limone 200 ml,"2,82 € / L","1,69€",Bevande e preparati,The freddo e altre bevande
Estathé zero limone 330 ml,"3,00 € / L","0,99€",Bevande e preparati,The freddo e altre bevande
Estathé zero limone 400 ml,"2,47 € / L","0,99€",Bevande e preparati,The freddo e altre bevande
"Estathé zero pesca 1,5 L","1,30 € / L","1,95€",Bevande e preparati,The freddo e altre bevande
Estathé zero pesca 3 x 200 ml,"2,82 € / L","1,69€",Bevande e preparati,The freddo e altre bevande
Estathé zero pesca 330 ml,"3,00 € / L","0,99€",Bevande e preparati,The freddo e altre bevande
Estathé zero pesca 400 ml,"2,47 € / L","0,99€",Bevande e preparati,The freddo e altre bevande
"Fuze Tea Senza Zuccheri Limone e Lemongrass PET 1,25L","1,03 € / L","1,29€",Bevande e preparati,The freddo e altre bevande
"Fuze Tea Senza Zuccheri Pesca e Rosa PET 1,25L","1,03 € / L","1,29€",Bevande e preparati,The freddo e altre bevande
"FUZE TEA, Tè al Limone e Lemongrass 1,25L (PET)","1,03 € / L","1,29€",Bevande e preparati,The freddo e altre bevande
"FUZE TEA, Tè al Limone e Lemongrass 400ml (PET)","2,12 € / L","0,85€",Bevande e preparati,The freddo e altre bevande
"FUZE TEA, Tè alla Pesca e Rosa 1,25L (PET)","1,03 € / L","1,29€",Bevande e preparati,The freddo e altre bevande
"FUZE TEA, Tè alla Pesca e Rosa 400ml (PET)","2,12 € / L","0,85€",Bevande e preparati,The freddo e altre bevande
"Lipton Limone Ice Tea 1,5 L","0,70 € / Kg","1,05€",Bevande e preparati,The freddo e altre bevande
"San Benedetto Baby Thè deteinato limone P&P 0,25 L","1,96 € / L","0,49€",Bevande e preparati,The freddo e altre bevande
"San Benedetto Baby Thè deteinato pesca P&P 0,25 L","1,96 € / L","0,49€",Bevande e preparati,The freddo e altre bevande
"San Benedetto Thè limone 0,5 L","1,18 € / L","0,59€",Bevande e preparati,The freddo e altre bevande
"San Benedetto Thè limone 1,5 L","0,66 € / L","0,99€",Bevande e preparati,The freddo e altre bevande
"San Benedetto Thè limone deteinato 1,5 L","0,66 € / L","0,99€",Bevande e preparati,The freddo e altre bevande
"San Benedetto Thè limone zero 1,5 L","0,66 € / L","0,99€",Bevande e preparati,The freddo e altre bevande
"San Benedetto Thè pesca 0,5 L","1,18 € / L","0,59€",Bevande e preparati,The freddo e altre bevande
"San Benedetto Thè pesca 1,5 L","0,66 € / L","0,99€",Bevande e preparati,The freddo e altre bevande
"San Benedetto Thè pesca zero 1,5 L","0,66 € / L","0,99€",Bevande e preparati,The freddo e altre bevande
"San Benedetto Thè verde & cactus 0,5 L","1,32 € / L","0,66€",Bevande e preparati,The freddo e altre bevande
"San Benedetto Thè verde & cactus 1,5 L","0,73 € / L","1,10€",Bevande e preparati,The freddo e altre bevande
SanThè Sant'Anna Limone 4 x 200 ml,"2,06 € / L","1,65€",Bevande e preparati,The freddo e altre bevande
SanThè Sant'Anna Pesca 4 x 200 ml,"2,06 € / L","1,65€",Bevande e preparati,The freddo e altre bevande
Twinings Green Tea 1 L,"1,15 € / L","1,15€",Bevande e preparati,The freddo e altre bevande
Twinings Iced Tea Limone 1 L,"1,15 € / L","1,15€",Bevande e preparati,The freddo e altre bevande
Twinings Iced Tea Pesca 1 L,"1,15 € / L","1,15€",Bevande e preparati,The freddo e altre bevande
"Vitasnella Depurathé Tè al Limone con Erbe Depurative* 1,25 L","1,08 € / L","1,35€",Bevande e preparati,The freddo e altre bevande
"Vitasnella Depurathé Tè alla Pesca con Erbe Depurative* 1,25 L","1,08 € / L","1,35€",Bevande e preparati,The freddo e altre bevande
MONSTER NITRO SUPER DRY LAT500ml,"2,98 € / L","1,49€",Bevande e preparati,The freddo e altre bevande
"BELTE' LIMONE PET 1,5 l","0,99 € / L","1,49€",Bevande e preparati,The freddo e altre bevande
"BELTE' PESCA PET 1,5 l","0,99 € / L","1,49€",Bevande e preparati,The freddo e altre bevande
LEV.NATURA TE VERDE TIGLIO PET48cl,"2,81 € / L","1,35€",Bevande e preparati,The freddo e altre bevande
LEVIS.NATURA ERBE MONTAGNA PET48cl,"2,81 € / L","1,35€",Bevande e preparati,The freddo e altre bevande
LEVIS.NATURA TE BIANCO SAMB PET48cl,"2,81 € / L","1,35€",Bevande e preparati,The freddo e altre bevande
Carbone Vegetale 40 Compresse 22 g Parafarmacia Conad,"215,91 € / Kg","4,75€",Prodotti dietetici e integratori,Integratori
"CONAD Parafarmacia Fitosteroli e Riso Rosso 60 Compresse 61,2 g","13,80 € / conf","13,80€",Prodotti dietetici e integratori,Integratori
Lecitina di Soia Granulare 250 g Parafarmacia Conad,"25,96 € / Kg","6,49€",Prodotti dietetici e integratori,Integratori
"Céréal Lecinova, Integratore Alimentare per il controllo del Colesterolo, con Omega 6 - 250g","35,96 € / Kg","8,99€",Prodotti dietetici e integratori,Integratori
Equilibra Energia Più Metabolismo Energetico 10 Flaconi Monodose 150 ml,"58,60 € / L","8,79€",Prodotti dietetici e integratori,Integratori
Equilibra Più Carica Funzione Muscolare 20 Compresse Effervescenti 90 g,"40,56 € / Kg","3,65€",Prodotti dietetici e integratori,Integratori
Equilibra Vitamina C 100% Naturale Sistema Immunitario 30 Compresse Masticabili Naturali 42 g,"163,10 € / Kg","6,85€",Prodotti dietetici e integratori,Integratori
Matt Benessere Vigore Vitamine & Minerali 20 compresse effervescenti 90 g,"52,22 € / Kg","4,70€",Prodotti dietetici e integratori,Integratori
"Pesoforma Cioccolato al Latte, sostitutivo del pasto ricco di fibre, 233 kcal per pasto, 12 x 31 g",20.1 € / Kg,"6,95€",Prodotti dietetici e integratori,Sostitutivi del pasto
"Pesoforma gusto Cioccolato Caramello, pasto sostitutivo ricco di fibre, 234 kcal per pasto, 12 x 31g",20.1 € / Kg,"6,95€",Prodotti dietetici e integratori,Sostitutivi del pasto
Enervit Power Crunchy Choco Drops 40 g,"38,75 € / Kg","1,55€",Prodotti dietetici e integratori,Alimentazione sportiva
Enervit Protein 32% Bar with Vitamins Lemon Cake Flavour 48 g,"35,21 € / Kg","1,69€",Prodotti dietetici e integratori,Alimentazione sportiva
Enervit Sport Power Crunchy Bar Gusto Cookie 40 g,"38,75 € / Kg","1,55€",Prodotti dietetici e integratori,Alimentazione sportiva
Enervit The Protein Deal Choco & Vanilla Dream 55 g,"38,00 € / Kg","2,09€",Prodotti dietetici e integratori,Alimentazione sportiva
Enervit the Protein Deal Coconut Party 55 g,"38,00 € / Kg","2,09€",Prodotti dietetici e integratori,Alimentazione sportiva
